2484 4366
113 191 185 273 244
398 160 829 240 rrmrrcrromrs
933 206 937 213 ·

170 293 276 377 coros.
300 304 371 390 (ι.)
399 299 434 372 si
452 298 570 398 lphaera
585 301 706 400 integra
725 299 766 374 ad
786 314 942 374 centru'm
961 300 1060 397 usque
1075 323 1107 374 ex

119 397 307 493 hujusmodi
323 396 429 472 fluido
450 394 586 478 constet,
611 416 757 469 centrum
776 399 906 471 nullum
923 397 1053 497 pondus
1069 399 1110 471 su-

121 494 272 581 stinebit3
299 494 437 594 pondere
449 494 595 567 univers)
612 493 632 564 b
648 493 781 568 fluidifi
805 515 863 568 ura
878 495 1053 578 fornicata,
1068 497 1113 569 vel

22 639 24 644 ·
124 595 275 694 potiusin
290 591 354 664 hoc
366 591 436 666 casu
452 591 554 690 figura
565 588 755 688 spbaerica,s
799 614 926 666 entato.

177 695 277 763 Caroll.
302 703 371 788 (ς.)
400 695 438 760 In
466 691 639 782 aequalibus
659 709 765 761 autem
792 690 951 763 {centro
969 687 1113 763 distantiis

124 787 237 862 eadem
265 786 384 884 semper
402 780 449 857 est
469 783 628 882 prelsronis
645 788 816 881 quantitas,
840 785 912 858 live
940 785 1108 886 superficies

125 880 1111 1078 ruslul-‘sussumrespueras

125 1077 298 1152 nuatums
353 1097 384 1150 at
403 1101 441 1175 pe
498 1074 700 1150 ndiculariter
724 1077 902 1149 secundum
931 1081 1050 1152 lineam
1072 1103 1112 1150 re·

127 1179 225 1257 darn,
250 1179 303 1248 vel
332 1196 419 1272 erpat
436 1201 458 1244 o
481 1176 568 1268 lique
586 1199 642 1272 per
654 1193 749 1246 tortas
765 1176 919 1248 cavitates
940 1182 980 1248 δι
996 1172 1112 1254 canales

127 1274 243 1369 easque
258 1274 414 1373 regulares
431 1273 483 1342 vel
497 1272 636 1343 maxime
651 1272 845 1368 irregulares,
871 1275 997 1370 amplas
1010 1277 1112 1347 velan-

126 1368 327 1471 gustilstmas.
376 1370 475 1440 Hisce
490 1366 730 1440 circumstantiis
742 1366 934 1465 pressionem
946 1372 998 1443 nil
1009 1371 1111 1443 mutari

126 1463 488 1636 ‘inibituiaplfimindo
503 1463 802 1634 hieraponstrationem
811 1463 913 1559 hujus
924 1467 1113 1568 propositio·

247 1589 280 1635 ca
296 1589 332 1635 us
362 1588 392 1633 rn
451 1584 486 1634 os
529 1589 564 1634 ιιι
587 1581 692 1635 orum.

128 1587 282 1732 msCreroll.
296 1661 368 1758 (4.)
393 1588 517 1731 Igiadenr
538 1653 805 1732 demonstratione
826 1657 905 1734 colli
931 1662 1008 1735 itur
1021 1666 1113 1743 etiarn

133 1764 214 1857 (per
230 1755 481 1853 Propofitionem
501 1759 637 1851 priorem
665 1767 736 1850 56‚)
771 1756 875 1851 Qod
897 1687 1004 1832 lignidi
1023 1762 1113 1858 gravis
1153 1848 1155 1855 Ι

128 1877 231 1954 partes
249 1856 373 1928 nullum
383 1878 424 1925 ex
437 1850 590 1950 prelsrone
610 1851 757 1950 ponderis
776 1854 1000 1930 incumbentis
1019 1858 1113 1950 acqui-
1153 1866 1155 1927 Ξ

128 1972 204 2025 rum
228 1973 354 2024 motum
375 1951 455 2022 inter
472 1952 502 2022 se
514 1975 525 2033 3
561 1948 704 2023 simodo
725 1948 919 2024 excludatur
936 1977 1052 2028 motus
1068 1952 1114 2048 qui
1153 2040 1155 2049 Ι

131 2073 173 2122 ex
187 2047 427 2122 condensatione
442 2048 574 2119 oriatur.
815 2108 819 2113 .
962 2056 966 2063 '

181 2148 282 2216 Coroll.
301 2151 372 2240 (ς.)
401 2148 450 2216 Et
466 2164 629 2241 propterea
647 2140 671 2215 sr
688 2141 775 2231 aliud
797 2142 951 2233 ejusdem
961 2145 1114 2246 gravitatis

127 2239 418 2338 specisicaecorpus,
432 2239 523 2334 quod
533 2242 646 2334 nequit
653 2238 845 2322 condensari,
859 2241 1115 2344 submergatm'iu

126 2335 193 2413 hoc
204 2335 321 2417 fluido,
346 2336 381 2410 id
395 2361 436 2409 ex
453 2335 604 2435 prelsrone
617 2335 767 2436 ponderis
776 2339 999 2415 incunbentis
1006 2345 1117 2415 nullm

131 2433 722 2605 sbllll‘llrsllssslllr
735 2435 1120 2608 slslflslull

624 2579 634 2602 ⁴
958 2577 973 2616 5

129 2553 334 2726 sphaericiim,
360 2653 422 2702 non
439 2627 583 2703 obstante
594 2557 758 2727 pressioris,
802 2632 835 2701 Si
850 2631 1054 2724 quadratum
1072 2628 1120 2708 esb

134 2726 276 2799 manebit
290 2725 500 2820 quadratuma
531 2725 631 2820 idque
646 2724 712 2798 five
725 2725 881 2807 mollesrt,
895 2725 968 2802 five
979 2725 1119 2803 fluidiffi·

132 2844 250 2907 mum3
279 2823 345 2897 five
360 2821 465 2896 fluido
477 2823 575 2896 libere
589 2825 721 2902 innatet,
743 2821 810 2894 five
822 2821 930 2896 fundo
952 2827 1122 2901 incumbat.

133 2919 245 2992 Habet
264 2923 349 2992 enim
367 2918 463 2993 fluidi
481 2944 550 3017 pars
567 2920 721 3012 quaelibet
738 2923 857 2993 interna
874 2924 1041 2999 rationem
1062 2949 1123 2996 cor·

132 3017 218 3113 poris
233 3015 383 3090 submersi
399 3045 408 3090 ι
435 3023 469 3088 &
482 3041 538 3112 par
550 3014 596 3088 est
608 3019 690 3089 ratio
706 3019 851 3089 omnium
866 3017 1019 3109 ejusdem
1044 3046 1121 3118 mag·

130 3111 299 3194 nitudinis,
323 3115 450 3214 figura,
475 3119 510 3184 &
532 3115 695 3211 gravitatis
715 3113 869 3212 specificae
889 3117 1120 3192 submersorum

132 3234 319 3310 corporum,
370 3213 404 3282 Si
433 3234 548 3307 corpus
577 3209 796 3293 submersum,
825 3213 955 3288 servato
978 3215 1119 3314 pondere,

130 3309 331 3402 liquesceret,
346 3314 380 3379 &
399 3305 693 3389 indueret-formam
709 3307 816 3389 fluidi,
841 3307 921 3393 boc,
948 3309 1118 3412 sipriusas·

132 3406 293 3487 tenderet,
318 3408 371 3477 vel
389 3404 603 3485 descenderet,
629 3409 734 3478 velex
751 3404 1116 3510 preffionefiguramno·

132 3529 205 3577 vam
222 3502 400 3582 induceret,
425 3504 621 3575 etiamnunc
643 3502 821 3591 ascenderet
836 3507 890 3578 vel
909 3505 1114 3586 descenderet,

131 3605 186 3675 vel
206 3601 344 3704 figuram
365 3624 482 3672 novam
506 3599 637 3672 induere
662 3624 852 3700 cogeretur:
885 3603 923 3676 id
951 3607 1037 3680 adeo
1053 3607 1115 3700 quia

129 3703 266 3794 gravitas
275 3698 356 3791 ejus,
368 3718 554 3790 caeteraeque
566 3718 719 3771 motuum
736 3698 833 3772 causae
847 3724 1049 3796 permanent.
1065 3707 1115 3774 At·

127 3797 188 3888 qui
207 3818 264 3890 per
280 3797 387 3870 casum
405 3818 436 3887 5.
455 3800 549 3891 Prop.
564 3797 690 3893 prioris,
704 3797 769 3891 iam
781 3799 974 3892 quiesceret,
1003 3800 1116 3900 &sige

126 3918 193 3973 ram
206 3894 378 3968 retineret:
405 3897 497 3990 Ergo
514 3899 548 3965 &
561 3895 660 3991 prius.
1024 3899 1112 3985 Coros·
