2484 4366
122 212 168 308 84
377 209 810 293 rnaenrcrronrns

123 339 206 411 ratio
228 336 296 412 five
314 337 354 411 ad
375 359 555 436 tangentem
573 337 676 436 supra,
701 333 767 410 five
786 334 827 408 ad
842 336 1024 412 subtensam
1035 340 1115 414 infra

124 431 166 506 stt
182 439 267 508 ratio
286 437 485 530 aequalitatis.
536 437 668 507 Etenim
689 458 730 505 ex
755 455 865 506 natura
886 460 1061 510 curvarum
1076 441 1117 512 li·

123 554 205 627 quet
224 557 352 605 omnem
371 534 452 604 inte'r
477 552 658 630 tangentem
682 537 717 602 &
745 531 920 604 subtensam
944 559 1039 606 arcus
1059 561 1117 608 cu·

34 677 37 682 -
122 628 222 720 jusvis
241 628 455 702 differentiam
476 655 493 701 a
508 631 563 700 Ion
586 626 710 700 itudine
727 651 817 699 arcus
829 628 1013 703 intermedii
1023 633 1116 713 oriri,

123 731 158 796 &
174 751 214 799 eo
229 726 348 825 semper
359 726 511 818 majorem
529 654 590 796 eilge
602 722 830 805 differentiam,
849 750 922 819 quo
938 751 1031 799 arcus
1049 753 1129 801 ma·-

121 822 174 914 jor
187 828 355 924 accipitur,
380 849 421 895 eo
436 825 593 895 minorem
611 848 681 915 quo
702 846 791 892 arcus
810 825 914 893 minor
938 825 1127 922 accipiturn

53 1005 57 1014 Ι
121 917 206 992 unde
230 921 372 1016 sequitur
389 917 482 1013 quod
501 922 534 992 in
553 945 630 992 arcu
653 942 750 1013 quam
770 919 908 990 minimo
930 921 995 992 erit
1017 946 1115 1015 quam
1143 999 1146 1005 ,

120 1019 252 1092 minima
275 1015 467 1098 differentia,
493 1024 527 1088 &
551 1018 582 1088 in
605 1040 681 1087 arcu
703 1012 826 1086 infinite
845 1039 958 1112 parvo,
983 1021 1122 1110 qualem,

120 1137 205 1186 nunc
218 1119 380 1195 volumus,
403 1117 464 1188 erit
475 1111 657 1186 differentia
668 1111 792 1183 infinite
810 1134 917 1209 parva,
934 1108 1003 1184 five
1016 1119 1120 1192 nulla.

120 1216 167 1283 Et
180 1209 397 1288 srdifferentia
416 1215 497 1284 inter
517 1232 698 1310 tangentem
717 1216 751 1280 &
766 1207 941 1282 subtensanr
958 1205 1000 1280 fit
1017 1215 1117 1298 nulla,

119 1311 226 1385 multo
241 1314 342 1411 magis
361 1311 445 1382 nulla
458 1311 520 1382 erit
535 1311 617 1381 inter
631 1327 812 1405 tangentem
829 1312 862 1376 δι
883 1330 998 1378 arcum
1017 1310 1109 1409 interf
1140 1398 1143 1403 ι

117 3037 274 3151 medium,
316 3047 382 3122 five
403 3053 487 3124 inter
506 3052 740 3141 subtensam'sscr
754 3089 864 3136 arcum
883 3063 1100 3139 intermedium

114 3133 307 3246 drfferentia
334 3173 409 3220 cum
425 3175 514 3223 arcus
531 3151 589 3224 iste
606 3151 673 3226 fitl
717 3169 719 3172 ’
737 3158 874 3241 itudinit
887 3158 969 3236 inter
979 3185 1100 3260 tangen-

117 3254 184 3308 tem
203 3244 237 3310 &
253 3241 424 3317 subtensam
438 3248 560 3342 ubique
572 3254 637 3322 inte
686 3251 726 3325 ed
767 3311 778 3332 .
822 3257 1100 3421 gtntncsubter-

116 3331 235 3416 sarum,
258 3365 404 3424 arcuum,
420 3353 454 3416 &
466 3351 678 3439 tangentium,
691 3338 812 3442 quinti
835 3360 1103 3442 rnuumrninimo·

114 3458 189 3506 rum
211 3441 425 3533 aequalitatem
444 3446 547 3516 omnis
573 3448 823 3520 Geometrarum
854 3469 926 3520 aetas
946 3448 1103 3549 supp'ofinr

115 3539 151 3602 &
170 3537 313 3629 agnovit,
340 3536 422 3610 dum
447 3564 618 3614 curvarum
638 3537 814 3640 figurarum
833 3548 1022 3639 perimetros
1041 3534 1104 3620 ὦ·
1144 3606 1146 3612 «

116 3653 214 3718 quam
232 3635 479 3732 polygonorum‘
497 3638 593 3711 latera
611 3641 783 3723 innumera,
810 3640 867 3714 ubi
892 3645 1052 3743 inscriptae
1076 3651 1106 3718 &

117 3727 368 3830 circumscriptae
392 3731 526 3830 figura,-
550 3737 750 3811 evanescente
769 3735 968 3824 differentia,
996 3742 1105 3817 coales-

30 3857 34 3863 -
91 3844 238 3910 terent,-
262 3827 511 3908 confiderarunt.
