2452 4366
851 136 858 173 l

116 207 210 301 298*
385 199 831 285 ramircrrorras

122 340 273 415 Orbium
288 334 538 438 perlurbationes
556 356 597 413 ex
616 343 740 417 calculo
759 345 840 417 adeo
857 343 985 445 exigua
1007 345 1125 450 depre-

122 437 318 519 hendentur,
332 459 369 510 ut
380 442 512 511 omnino
525 437 661 513 debeant
673 444 847 514 contemni.
863 497 866 502 .

175 542 274 609 XCI.
299 536 446 631 Orbium
464 534 603 635 Aphelia
619 547 653 611 &
667 537 762 611 Nodi
775 540 957 634 quiescunt.

169 636 305 734 Propter
327 637 398 706 vini
417 639 578 708 'cavitatis
595 638 628 708 in
642 635 800 709 distantia
819 640 940 711 ratione
953 636 1116 737 duplicata

119 736 299 847 reciproca,
325 659 460 829 Apsias
478 740 512 805 δι
534 731 671 831 Aphelia
690 733 788 845 perse
801 736 963 828 quiescere
974 735 1111 821 debent3

123 852 177 907 uri
192 835 279 931 prius
295 833 468 902 monitum.
518 836 565 904 Et
580 846 711 930 propter
721 857 791 904 vim
802 832 945 916 eandem,
957 836 1113 932 punbtum

1 977 4 984 -
120 931 190 1003 sere
202 927 367 1002 immobile
380 927 503 1027 semper
513 931 742 1028 respicientem,
753 932 906 1008 Orbium
917 933 1008 1031 plana
1019 933 1116 1008 etiam

122 1028 240 1102 debent
251 1028 412 1123 quiescere
422 1053 433 1112 3
462 1034 497 1098 &
510 1028 744 1122 quiescentibus
754 1030 859 1196 planis
877 1050 916 1101 ut
934 1029 1032 1104 Nodi
1050 1027 1117 1105 sive¹

119 1130 287 1226 planorum
301 1124 534 1197 interfectiones
550 1125 712 1226 quiescant
735 1149 752 1196 e
800 1125 933 1199 necess'e.
984 1130 1117 1201 Notan-

119 1224 202 1298 dum
216 1246 321 1298 tamen
341 1224 566 1316 inaequabtates
576 1225 738 1296 nonnullas
754 1225 772 1294 a
788 1225 989 1298 planetarum
1007 1228 1116 1299 revol-

122 1325 269 1396 ventium
290 1329 323 1393 &
344 1322 555 1393 Comeiarum
573 1322 750 1394 arsionibus
762 1324 795 1394 in
807 1322 835 1393 se
852 1325 993 1396 invicem
1007 1324 1117 1396 laben-

121 1422 209 1494 tibus
227 1421 337 1492 seculis
345 1420 499 1502 oritutas3
527 1422 662 1492 tantillas
680 1438 797 1504 tamen,
814 1440 851 1492 ut
866 1421 911 1492 ob
922 1424 1114 1518 parvitatem

123 1522 311 1618 plerumque
321 1519 483 1589 contemni
493 1513 620 1614 possint.
671 1516 863 1590 Notandum
882 1520 980 1590 etiam
991 1533 1046 1591 nos
1056 1517 1111 1590 hic

120 1618 186 1689 loci
203 1616 318 1686 Centri
342 1617 519 1687 Gravitatis
538 1614 712 1712 systematis
735 1618 836 1687 totius
850 1619 1008 1710 quietem,
1034 1642 1110 1690 cum

123 1712 326 1786 Astronomis
340 1715 471 1783 omnino
489 1714 650 1791 omnibus,
674 1713 708 1783 su
731 1735 868 1810 ponere3
894 1712 954 1785 etsi
968 1716 1114 1808 quietem

92 1822 96 1830 '
123 1812 227 1894 istam,
253 1815 303 1885 uti
313 1812 398 1907 prius
417 1811 613 1891 monuimus,
638 1735 782 1882 nonium
801 1810 995 1902 demonstrare
1010 1814 1113 1884 licue-

121 1915 180 1983 rit.
226 1913 288 1982 His
315 1929 423 1980 autem
443 1906 554 2007 positis
577 1909 737 2002 sequentia
764 1910 940 1980 Corollaria
967 1907 1111 1997 deduce-

123 2035 206 2080 mus.

174 2108 271 2176 Coroll.
296 2109 370 2192 (1.)
399 2101 576 2192 Quiescunt
603 2101 698 2175 stellae
720 2102 806 2183 fixa,
831 2121 998 2200 propterea
1019 2104 1112 2198 quod

120 2202 206 2274 datas
224 2199 264 2273 ad
285 2198 422 2297 Aplielia
440 2200 618 2294 Nodosque
638 2201 831 2295 quiescentes
902 2198 1029 2273 sitiones
1047 2202 1111 2272 ser-

4 2313 8 2318 “
121 2321 207 2372 varii.
259 2305 398 2370 Novum
426 2319 508 2369 certe
536 2296 600 2368 hoc
629 2301 789 2372 ratiocinii
809 2303 842 2369 A
886 2300 1026 2370 onomici
1049 2323 1108 2396 ge-

122 2397 199 2470 nus!
228 2417 265 2468 ur
280 2422 320 2467 cx
339 2397 533 2468 Planetarum
546 2399 756 2468 erraticorum
779 2396 945 2496 systemate
965 2401 1110 2469 loerran·

123 2498 208 2570 tium
230 2496 321 2588 quies
339 2493 509 2566 inseratur:
536 2495 644 2566 cume
662 2516 769 2567 contra
785 2522 826 2567 ex
841 2494 978 2567 fixarum
998 2497 1109 2588 quiete

122 2592 282 2694 supposita
300 2593 494 2666 Planetarum
509 2613 616 2663 motus
636 2590 845 2666 determinare
861 2590 1011 2664 hactenus
1025 2593 1111 2666 soliti

122 2694 288 2767 fuerimus.
333 2691 487 2787 Ignoratis
502 2690 654 2761 nimirum
663 2712 733 2763 anre
751 2694 806 2762 Cl.
817 2694 1111 2764 Newtonumveris

120 2815 273 2865 motuum
286 2788 464 2862 coelestiurn
474 2785 573 2860 causis
586 2785 771 2879 hujusmodi
784 2791 964 2862 Corollaria
976 2789 1105 2860 nobilis.-

122 2888 200 2961 sima
217 2911 253 2961 ut
270 2891 487 2987 ignorarentur
498 2890 564 2958 esar
575 2889 705 2959 omnino
717 2883 883 2958 necessum.

169 2991 269 3056 Coroll.
290 2993 360 3078 (2.)
401 2992 490 3058 Cum
512 2983 648 3056 fixarum
669 2986 840 3082 parallaxis‚
872 2985 969 3056 etiam
992 3005 1102 3063 annua,

117 3086 235 3159 tantilla
256 3079 308 3162 fit,
325 3107 359 3154 ut
380 3087 437 3156 vix
454 3082 724 3156 observatoribus
740 3080 977 3155 accuratissimis
995 3080 1024 3154 se
1036 3103 1107 3156 tan-

114 3185 191 3256 dem
205 3180 327 3280 prodat,
354 3185 437 3252 vires
451 3208 570 3261 earum,
595 3182 639 3252 ob
659 3182 840 3253 immensam
864 3186 1039 3279 corporum
1053 3177 1108 3250 di-

116 3279 272 3361 stantiam,
303 3279 405 3350 nullos
433 3277 567 3351 effeetus
594 3279 765 3352 sortientur
791 3275 946 3351 sensibiles
970 3280 1002 3350 in
1024 3281 1111 3378 regi·

117 3403 177 3449 oric
196 3379 371 3475 systematis
390 3374 500 3447 nostri.
768 3455 771 3461 ¹

162 3479 264 3547 Coroll.
305 3483 374 3571 (3.)
412 3471 513 3548 Unde
537 3474 680 3566 sequitur
708 3473 907 3574 Astrologiam
930 3473 1107 3572 Jadiciari-

105 3584 171 3650 dm,
196 3599 295 3665 quam
309 3595 437 3654 vocant,
464 3597 526 3643 nori
546 3571 648 3645 solum
668 3574 866 3645 Planctarum
882 3569 935 3644 sed
950 3580 984 3644 &
1005 3573 1101 3662 Fixa7

111 3690 185 3734 rum
205 3671 409 3762 posituris&
435 3669 607 3742 influentiis
632 3673 785 3749 innixam,
810 3673 898 3743 omni
919 3678 1009 3742 ceito
1026 3667 1105 3740 fun-

108 3759 260 3832 damento
278 3793 379 3839 carcre
391 3782 407 3839 ε’
429 3795 504 3840 cum
524 3772 607 3840 vires
630 3769 783 3840 maximas
797 3793 910 3840 eorum
929 3792 1104 3866 corporum

109 3860 263 3961 supponat
286 3886 363 3956 quas
377 3867 521 3961 minimas
532 3869 631 3969 plane,
657 3865 723 3944 five
742 3869 849 3963 potius
861 3868 996 3949 omnino
1007 3870 1106 3940 nullas·

943 3963 949 3975 ’
1043 3961 1107 4073 effe
