2484 4366
268 156 979 278 amricomarnmmna
1032 206 1104 303 '137

114 330 459 410 mutatisrnovebitur
488 332 523 403 in
547 330 695 416 Parabola
722 352 781 419 aut
807 331 1000 431 Hyperbola
1024 331 1116 407 circa.

118 427 244 502 focum.

169 525 329 598 Scholium.
351 525 486 597 Perastis
496 523 560 616 jam
573 525 709 598 faciliori
722 523 880 599 methodo
889 524 1111 600 fundamenta·

122 623 199 695 lium
210 624 370 698 Newtoni
382 621 640 721 Propofitiontun
651 622 1000 714 demonstrationibus3=
1017 626 1120 698 liceat'

118 718 216 802 mihi,
233 720 394 793 coronidis
406 724 492 817 loeo,
513 723 603 794 aliam
616 721 843 820 Propofitionis
854 720 1021 821 postremae
1038 751 1112 796 om<

117 820 212 890 nium
225 820 319 916 longe
331 817 543 899 nobiliffimae,
553 827 586 890 &
598 819 637 892 ad
647 818 791 919 Systema
798 819 996 893 mundanum
1008 823 1113 893 maxi·

118 943 171 988 me
182 915 433 989 accommodatae
447 914 760 999 demonstrationem,
773 918 813 991 ad
826 921 966 1018 rigorem
980 941 1115 1013 geome-

117 1016 245 1088 tricum
263 1017 362 1113 magis
381 1012 602 1112 compositam,
625 1017 753 1110 qualem
767 1041 879 1114 nempe
890 1041 960 1088 eam
973 1012 992 1084 ὲ
1005 1013 1113 1088 charta

123 1113 193 1182 MS
225 1110 327 1211 Ipsius
360 1115 519 1187 Newtoni
553 1114 634 1184 olim
659 1137 859 1211 acceperam,
890 1111 945 1184 hic
972 1112 1038 1186 loci
1063 1135 1112 1186 at·

123 1229 243 1280 texere.

170 1309 328 1402 Propfitio.
378 1306 412 1378 Si
427 1326 543 1403 corpur*
561 1304 703 1400 quodvis
714 1308 820 1380 versus
829 1306 986 1405 Ellipseos
998 1307 1113 1382 focum
1148 1303 1150 1315 '

118 1400 308 1488 attrahatur,
329 1409 362 1474 &
379 1400 402 1474 fi
417 1405 610 1477 attractionis
624 1407 782 1499 quantitas
800 1408 929 1479 &ratio
948 1402 1111 1495 iithujus·

117 1499 215 1572 modi
228 1521 267 1572 ut
280 1501 439 1596 corpusin
495 1501 628 1577 rimetro
636 1505 945 1600 ellipticarevolvere
957 1501 1113 1585 efficiant,

120 1600 182 1670 erit
213 1599 360 1673 attractio
385 1600 417 1669 in
461 1597 740 1681 iihntiaminima,
771 1600 811 1673 ad
832 1602 1051 1674 attraffionem
1080 1604 1113 1674 in

119 1694 271 1768 distantia
285 1697 434 1776 maxima,
454 1693 495 1767 ad
513 1694 752 1787 majorem-nem
774 1724 792 1770 e
806 1723 898 1769 axem
908 1719 1056 1792 utraque,
1072 1719 1114 1770 ut

120 1791 278 1886 quadrata
296 1791 515 1865 distantiarum
531 1797 671 1891 corporis
687 1796 718 1865 in
734 1722 798 1867 idn
814 1798 939 1892 punetis
953 1797 993 1866 ab
1008 1797 1115 1892 Ellip-

120 1891 195 1964 setas
212 1890 289 1962 foco
304 1892 478 1985 reciproce.

140 2044 143 2049 .
172 1990 224 2060 Sit
240 1992 280 2066 A
285 1993 390 2062 ECD
415 1987 559 2084 Ellipsn:
588 1993 713 2060 Ach
734 1990 799 2061 axis
816 1988 944 2081 majoris
957 1990 1114 2060 extremi·

121 2106 223 2180 tatem
249 2085 390 2158 Fsocus
409 2083 467 2156 iste
481 2110 550 2180 quo
562 2083 665 2159 tendit
678 2089 726 2158 vis
739 2090 931 2186 centripeta:
948 2093 983 2158 δε
994 2091 1074 2158 AF
1082 2093 1115 2157 E

132 3552 162 3620 C
167 3549 197 3613 F
200 3549 235 3615 D
259 3566 336 3629 area
356 3544 419 3616 illa
438 3567 516 3636 quas
531 3563 647 3638 corpus
665 3543 763 3617 radiis
775 3541 816 3617 ad
829 3515 944 3616 fornii
957 3537 1065 3614 dustis
1081 3536 1125 3613 εἰ

131 3643 220 3734 quali
235 3644 386 3737 temporis
393 3639 491 3738 spatio
498 3639 659 3712 describit.
673 3645 816 3715 Suntau·

134 3759 200 3810 tem
218 3763 295 3810 areae
308 3742 370 3812 illae
386 3741 467 3811 inter
487 3740 516 3811 se
532 3739 678 3830 aequales,
703 3760 816 3838 utpote
905 3754 981 3831 frop.
993 3771 1004 3829 r
1007 3769 1036 3834 5.
1041 3755 1124 3834 prius.

125 3836 326 3940 remmom
354 3837 529 3952 anualibu
560 3839 815 3961 prapppiuaales,

935 3965 960 4026 j
1047 3940 1126 4008 Hoc
