2484 4366
125 232 169 306 30
385 204 829 277 praetermorem

117 361 210 422 rates,
227 333 537 420 consmaceffeetus.
569 338 699 428 Quietis
709 328 1121 437 Absolutaeproprietasest,

118 437 211 536 quod
219 465 260 510 co
318 434 946 530 raverequiescentiaquiescuntinterse2
961 434 1020 508 Ide
1068 442 1118 509 ue'

119 563 195 610 cum
208 462 352 634 posibile
370 532 422 613 fit,
435 555 474 604 ur
500 556 616 629 corpus
634 532 767 626 aliquod
784 535 817 604 in
839 460 1109 632 regionibusobx·

119 660 208 707 arum
222 655 276 704 aut
289 636 381 731 longe
401 632 482 702 ultra
498 631 638 724 quiescat
658 631 811 712 absolute,
836 630 907 702 sciri
921 652 1030 704 autem
1043 624 1129 704 noir¹

118 729 214 829 poffit
240 755 281 801 ex
309 726 372 801 situ
395 751 567 826 corporum
579 725 626 819 ad
643 729 783 801 invicem
796 730 828 799 in
843 729 1028 828 regionibus
1048 740 1116 800 nm

119 827 190 900 stris
218 851 331 901 utrum
351 824 469 898 hortun
485 821 618 921 aliquod
634 825 674 898 ad
690 827 905 924 longinquum
926 825 1008 900 illud
1033 851 1110 898 cor-

117 948 176 1022 pus
195 924 301 999 datam
315 919 505 1022 positionem
521 923 633 1005 servet,
653 924 744 1018 quies
761 948 836 996 vera
853 949 893 995 ex
910 922 1029 997 horum
1042 920 1109 997 situ

118 1020 497 1118 intersedefinirinequit.
508 1021 625 1094 Motfis
632 1021 766 1095 absoluti
776 1023 951 1119 Proprietas
959 1020 1006 1094 est
1013 1019 1108 1114 quod

117 1143 218 1218 partes
238 1145 312 1215 qua
332 1117 416 1192 datas
433 1119 553 1193 servant
576 1116 744 1219 positiones
766 1117 806 1192 ad
827 1140 894 1192 tota
915 1119 1107 1217 participant

118 1238 227 1291 motus
238 1215 414 1291 eorundem
427 1236 593 1290 totorumt
621 1223 707 1291 Nam
722 1221 908 1315 gyrantium
922 1239 1023 1314 partes
1033 1239 1122 1301 om÷

117 1339 171 1389 nes
186 1336 338 1389 conantur
348 1313 494 1387 recedere
506 1312 547 1387 de
562 1339 619 1386 axe
634 1313 753 1396 monis,
779 1321 813 1386 δι
828 1315 1105 1414 progredientium

119 1413 255 1511 impetus
277 1417 384 1487 oritur
404 1436 445 1483 ex
467 1412 640 1504 conjmeto
664 1413 787 1510 impetu
810 1415 949 1509 partium
965 1406 1108 1511 singula·

118 1535 210 1582 ruma
238 1513 347 1608 Igitur
372 1511 467 1581 motis
490 1508 675 1606 corporibus
698 1509 909 1582 ambientibus
929 1531 1105 1583 moventur

115 1629 193 1700 quae
214 1606 471 1680 inambientibus
490 1606 621 1678 relative
643 1607 823 1700 quiescunt.
872 1612 918 1679 Et
938 1631 1105 1705 propterea

118 1725 225 1776 motus
244 1729 337 1776 verus
351 1709 386 1775 δι
408 1703 565 1777 absolutus
579 1700 709 1776 definiri
723 1705 836 1798 nequit
851 1698 907 1801 per
925 1699 1103 1778 transsatio-

118 1800 555 1899 nemericiniaambientium
564 1824 748 1901 corporum,
757 1802 831 1895 qua
839 1796 1105 1898 tanquamquies

119 1898 220 1970 centia
247 1897 440 1997 spedanrurr
467 1899 598 1970 Debent
620 1922 752 1995 corpora
774 1900 827 1970 illa
850 1899 1019 1974 ambientis
1039 1922 1103 1973 non

118 1994 220 2067 solum
247 2017 395 2092 tanquam
421 1993 614 2089 quiescentia
639 1997 786 2093 spedari,
820 1994 872 2067 sed
905 1997 1001 2068 etiam
1027 2020 1103 2069 vere

117 2091 303 2185 quiescere:
333 2093 489 2184 Alioquin
502 2091 856 2189 Inclusaomniapiaeter
869 2091 1103 2171 transsationem

118 2212 136 2258 e
158 2190 275 2261 vicinia
297 2189 503 2261 ambientium
525 2190 758 2288 participabunt
778 2191 873 2261 etiam
894 2186 1103 2263 ambientium

117 2305 223 2357 motus
244 2311 346 2366 veros,
372 2294 406 2357 δι
421 2284 539 2357 sublata
554 2287 605 2358 illa
617 2285 814 2358 transsatione
835 2309 896 2356 non
910 2312 983 2359 vere
996 2285 1102 2382 quies·

117 2403 201 2463 cent,
226 2380 278 2455 sed
289 2404 439 2476 tanquam
452 2382 642 2479 quiescentia
650 2380 852 2455 solummodo
866 2384 1101 2480 speeiabuntur.

119 2483 199 2550 Sunt
210 2483 295 2552 enim
309 2478 476 2551 ambientia
483 2476 523 2551 ad
530 2480 658 2560 inclusa,
674 2502 711 2553 ut
725 2483 825 2552 totius
837 2504 906 2577 pars
913 2484 1053 2553 exterior
1060 2478 1102 2554 ad

117 2597 239 2672 partem
261 2575 455 2655 inferiorem,
487 2577 597 2672 velut
618 2599 728 2649 cortex
752 2575 792 2649 ad
813 2579 981 2649 nucleum:
1008 2600 1101 2650 moto

116 2695 224 2745 autem
238 2675 358 2746 cortice
372 2675 499 2745 nucleus
512 2675 608 2745 etiam
620 2672 736 2767 absque
749 2672 946 2746 transsatione
962 2671 1002 2746 de
1018 2676 1103 2747 vici·
1150 2757 1152 2760 Α

116 2771 167 2841 nia
178 2772 318 2849 corticis,
344 2795 404 2844 ceu
417 2794 483 2868 pars
494 2773 593 2843 totius
612 2772 853 2860 unamovetur.
904 2764 1100 2844 Praecedenti

115 2869 299 2962 proprietati
314 2865 415 2942 affinis
428 2866 474 2939 est
489 2868 579 2963 quod
598 2891 689 2940 moto
703 2871 776 2940 loco
786 2867 919 2940 relativo
933 2889 1102 2946 moveatur
1124 2942 1129 2949 ,

116 2963 178 3034 uni
190 2965 348 3046 locatum;
370 2964 518 3056 adeoque
532 2990 645 3062 corpus
658 2963 750 3057 quod
772 2964 813 3036 de
833 2966 908 3036 loeo
923 2987 1014 3036 moto
1029 2992 1102 3037 mo«
1122 2974 1137 3041 ’,

117 3080 210 3132 vetur
230 3063 396 3157 participat
417 3061 482 3131 loci
506 3061 552 3131 sui
580 3084 718 3133 motum.
771 3064 824 3132 Sic
846 3059 870 3130 sr
892 3062 965 3155 quis
981 3064 1137 3159 in'navi'

115 3154 198 3227 dum
215 3159 293 3230 velis
307 3154 395 3254 passis
409 3157 512 3228 fertur
527 3155 594 3229 'huc
604 3159 686 3236 ,illuc
701 3155 897 3237 obambulet,
922 3180 1029 3230 motus
1050 3185 1102 3231 re-
1135 3181 1139 3190 ·

116 3251 224 3350 spesiu
249 3277 340 3329 terrae
355 3256 407 3328 vel
428 3255 680 3346 litorummajor
702 3252 748 3327 est
775 3256 827 3327 vel
838 3257 941 3334 minor
955 3259 1101 3350 proutin

115 3350 249 3432 eandem
260 3373 380 3450 partem
395 3377 471 3423 cum
487 3355 560 3425 navi
573 3354 626 3424 vel
639 3354 671 3424 in
687 3373 807 3449 partem
829 3350 1016 3424 contrariam
1031 3374 1102 3425 tend

116 3446 184 3518 dit:
221 3451 254 3521 Si
277 3475 355 3526 ,vero
375 3447 521 3520 consistat
542 3450 575 3522 in
597 3471 680 3520 certa
698 3449 786 3531 natis
807 3470 906 3546 parte,
933 3451 1102 3547 participat

117 3567 244 3617 motum
258 3549 356 3626 navis,
382 3553 416 3617 δι
431 3543 542 3617 eadem
557 3570 632 3616 cum
649 3547 684 3616 ci
699 3547 857 3625 celeritate
872 3540 1097 3643 progrediturr
1125 3634 1129 3641 Ι

119 3642 152 3713 Si
170 3645 201 3713 in
216 3641 346 3716 eandem
362 3666 458 3737 atque
477 3644 563 3713 navis
582 3663 702 3739 partem
718 3639 837 3719 tendat,
862 3638 969 3734 quoad
983 3638 1108 3738 terram

118 3740 249 3811 celerius
269 3766 366 3835 quam
389 3741 473 3811 navis
497 3738 558 3835 ipsa
579 3739 763 3811 movebitur
770 3767 781 3822 ;
810 3735 834 3808 si
850 3740 881 3809 in
896 3740 1098 3819 contrariam,

117 3833 257 3946 tardius:
285 3836 330 3909 Et
345 3835 441 3910 itade
462 3857 555 3908 motu
578 3833 610 3907 in
631 3835 692 3934 ipsa
716 3834 808 3915 terrm
835 3830 860 3906 si
872 3837 955 3909 vterra
968 3833 1100 3909 movea·
1125 3834 1128 3839 ’

1034 3952 1099 4014 tur,
