2484 4366
124 202 174 296 ᾖ,
392 207 831 283 ΡΜιεετιοΝεε
917 167 919 170 ’
959 206 963 221 ·

125 343 174 416 ed
193 346 228 413 δι
251 341 301 438 df
316 345 351 414 δι
367 363 423 439 per
440 337 494 411 dia
538 342 639 414 nalem
651 341 692 416 ad
704 345 861 416 verticem
882 345 1015 418 alterum
1029 346 1109 441 qua&

118 440 255 514 'dantum
271 451 307 539 ig
326 437 373 512 est
389 435 490 510 adden
515 465 583 520 um,
608 438 693 512 unde
711 437 753 512 ad
773 441 1009 516 conficiendum
1028 469 1110 538 qua-

124 536 254 611 dratum
273 537 438 630 secundam
469 532 535 607 live
566 538 678 610 binarii
703 541 843 619 numeri,
872 538 1016 612 addenda
1037 543 1109 614 stmt

122 634 277 730 quadrata
288 636 358 715 tria,
373 631 440 704 five
455 656 625 706 numerum
640 635 792 734 imparem
801 635 988 710 secundum.
1036 642 1106 710 De·

124 730 201 804 inde
212 757 269 830 per
279 756 387 803 omnes
404 731 543 823 reliquos
563 735 714 805 terminos
735 732 873 831 augendi
893 733 963 808 sunt
982 738 1107 809 numeri

70 912 72 917 ,
124 827 354 923 quadratorum
374 825 599 906 addititiorum
618 831 752 910 binario,
779 829 803 900 fi
823 829 975 925 quadrata
987 834 1109 927 reliqua

117 926 197 1024 sunt
214 924 436 1008 conficienda;
463 928 523 998 tria
537 951 610 998 nem
665 927 818 1021 quadrata
837 928 938 1000 tribus
951 932 1040 1026 prius
1052 927 1107 1002 ad·

123 1021 319 1095 ditiacorres
353 1021 479 1095 ndentia
491 1023 528 1113 ki
540 1032 573 1095 δι
589 951 737 1124 llbgq,
762 1025 943 1123 suntprimo
951 1025 1105 1108 addenda,

116 1117 200 1192 dein
228 1121 292 1192 aliu
336 1118 528 1213 quadratum
549 1121 610 1219 hp,
633 1146 673 1192 eo
693 1121 785 1215 quod
802 1121 995 1216 quadratum
1014 1123 1105 1214 juxta

122 1213 321 1317 diagonalem
340 1215 485 1292 additum
505 1216 578 1290 bina
599 1218 750 1312 quadrata
770 1218 1044 1316 correspondentia
1058 1223 1106 1292 su·

123 1314 257 1413 peraddi
273 1315 391 1410 semper
408 1314 558 1408 requirit,
583 1318 637 1386 cui
658 1317 774 1388 ultimo
793 1315 840 1387 est
859 1314 1043 1390 addendum
1064 1319 1104 1391 al·

71 1464 74 1470 ·
123 1432 230 1485 terum
258 1410 421 1508 diagonale
455 1409 647 1505 quadratum
675 1438 707 1482 m
720 1442 746 1484 o.
796 1417 843 1486 Et
877 1415 926 1484 ita·
949 1416 1102 1508 ubique:

125 1511 278 1581 Numero
297 1506 519 1580 addendorum
539 1507 600 1581 sem
641 1536 657 1579 r
676 1509 856 1581 seinvicem
876 1510 999 1583 binario
1018 1512 1105 1608 supe·

122 1626 220 1685 rante,
244 1630 313 1699 quo
323 1603 475 1698 quadrata
499 1605 551 1675 ad
571 1533 639 1676 ab>e
643 1633 691 1675 an
713 1634 759 1685 as,
779 1613 842 1677 &o
868 1610 974 1679 omnia
986 1608 1026 1690 ab
1034 1610 1104 1681 uniss

123 1723 188 1776 tate
206 1724 312 1799 coepta
332 1700 546 1798 perficiantur.
597 1701 700 1775 Unde
721 1702 813 1774 sacile
834 1702 977 1795 sequitur
1000 1706 1103 1777 conti·

123 1824 218 1873 nuam
232 1822 437 1872 numerorum
457 1801 626 1897 imparium
647 1797 843 1871 additionem
864 1825 972 1871 omnes
991 1826 1102 1874 nume·

55 1965 56 1968 ,
123 1922 175 1969 ros
193 1895 363 1990 quadratos
383 1886 541 1994 generare.
567 1902 721 1996 933.st
767 1899 836 1983 Qui
857 1921 935 1968 vero
961 1896 1102 1969 indubii·

120 2018 181 2065 one
194 2015 350 2086 quantum
358 1993 437 2063 libet
443 1993 622 2063 continuata
634 2013 799 2064 contentus
815 1993 926 2073 abibit,
940 1991 1036 2065 hosce
1047 1992 1108 2067 de·v

123 2088 316 2161 monstrandi
342 2087 456 2160 modos
483 2088 650 2160 satistuto
670 2091 819 2160 omittere
842 2091 977 2182 poterit3
1004 2115 1104 2183 quan·

121 2212 219 2280 quam
232 2185 387 2257 faciliores
401 2185 472 2257 sunt
483 2210 581 2279 quam
593 2207 630 2256 ut
647 2183 701 2257 hic
711 2187 776 2256 loci
790 2185 916 2257 eosdem
926 2184 1103 2278 judicarem

61 2291 63 2293 ’
120 2279 419 2382 praetermittendos.
551 2369 553 2371 ‚

169 2386 300 2450 Lemma
319 2379 498 2449 Secundam.
531 2379 565 2448 Si
586 2402 700 2474 corpus
717 2377 793 2451 dato
805 2381 979 2476 temporei
992 2382 1102 2474 quiete

122 2475 280 2576 gradatim
299 2483 332 2546 δι
353 2474 553 2546 uniformiter
574 2471 725 2556 discedat,
751 2498 846 2569 atque
865 2501 905 2546 eo
925 2478 1103 2572 padlocer·

56 2610 57 2614 ¹
120 2596 187 2646 tam
207 2575 320 2645 lineam
340 2569 507 2650 describat,
534 2569 626 2642 Idem
653 2597 766 2670 corpus
785 2571 900 2643 eodem
920 2571 998 2644 dato
1020 2596 1102 2646 tem·

120 2695 196 2768 pore
211 2671 229 2740 i
242 2671 398 2741 celeritate
410 2671 526 2740 ultimo
543 2666 694 2760 acquifita
707 2667 907 2740 uniformiter
921 2672 1103 2742 continuata

118 2770 230 2840 lineam
246 2769 358 2863 prioris
376 2765 505 2862 duplam
523 2762 689 2836 describet.
739 2770 828 2836 Cum
844 2767 927 2837 enim
948 2791 1066 2864 corpus
1085 2768 1103 2836 i

118 2868 228 2958 quiete
246 2861 437 2936 discedendo
455 2883 580 2934 certum
598 2863 776 2934 velocitatis
791 2859 926 2960 gradum
950 2888 990 2934 au
1048 2888 1104 2935 en-

81 3024 83 3027 .
119 2964 161 3032 tis
186 2960 359 3053 aequalibus
387 2956 610 3051 acquifiverit‚
642 2961 722 3029 linea
742 2958 780 3029 ab
804 2955 920 3029 eodem
946 2959 987 3031 de
1001 2963 1047 3031 cri
1071 2981 1103 3031 ta

117 3058 180 3130 erit
198 3059 231 3129 in
248 3059 421 3128 innumeras
442 3058 534 3128 lineas
555 3052 711 3150 gradatim
728 3056 747 3124 a
765 3056 874 3147 quiete
888 3054 1021 3145 majores
1036 2985 1104 3129 dis-

117 3151 267 3249 pescenda
289 3159 322 3223 &
342 3151 365 3223 fi
388 3149 453 3223 ista
470 3151 592 3223 lineolae
614 3151 771 3248 gradatim
791 3148 961 3222 crescentes
985 3156 1102 3225 nonin

116 3253 251 3348 longum
273 3248 326 3321 sed
344 3248 383 3319 ad
401 3250 494 3320 latera
513 3246 623 3319 ordine
635 3247 882 3345 disponerentur,
902 3249 1101 3347 triangulum

7 3419 9 3423 ,
116 3346 284 3444 quoddam
302 3345 373 3416 ab1
398 3366 633 3442 componerent,
658 3367 712 3417 aut
730 3342 835 3415 saltem
851 3343 942 3435 juxta
955 3343 1102 3427 indivisa

116 3445 233 3518 bilium
252 3442 443 3527 methodum
467 3442 714 3513 Cavallerianam
732 3464 920 3536 componere
941 3439 1101 3535 censenda

115 3542 206 3617 sunt:
247 3541 321 3614 Ubi
335 3538 505 3636 punctum
532 3539 680 3633 verticale
707 3539 859 3633 trianguli
878 3563 910 3616 a,
941 3535 1102 3633 pundum

115 3641 245 3733 quietis,
271 3631 305 3708 δὲ
328 3636 408 3708 bafis
438 3634 483 3707 rb
507 3655 613 3705 motus
633 3636 745 3723 lineam
768 3635 915 3706 ultimam
943 3632 1101 3730 designat,

115 3737 311 3828 reliquaeque
339 3735 461 3825 lineola
478 3729 630 3828 parallelae
654 3729 785 3820 diversa
805 3732 1102 3808 velocitati's'lineas

106 3856 194 3930 ,quas
218 3853 329 3929 corpus
356 3826 584 3932 pertransierat,
632 3833 705 3929 Jam
736 3822 760 3898 fr
785 3828 899 3899 lineam
925 3831 1101 3993 maximang

130 3949 133 3956 ·
645 3939 647 3943 '
668 3961 669 3965 ¹
1058 3947 1072 3998 1
