2484 4366
115 186 189 276 ηε
374 170 815 255 unvamma-as

165 312 270 409 Qtod
281 334 358 385 vera
372 308 600 411 fitpropolitio
614 318 735 391 inloto
751 327 876 403 vacuo,
895 321 957 395 ubi
978 309 1107 398 nullatll

114 413 218 487 medii
240 407 426 495 reststentia,
457 413 538 485 olim
565 411 871 490 demonstravimus.
920 425 974 493 Et
997 420 1023 493 fi
1043 420 1107 495 test·

116 510 228 585 lltntia
250 508 290 581 fit
302 529 339 581 ut
350 509 517 593 velocitas,
541 506 608 581 five
626 524 665 584 ¹ut
681 538 773 587 attus
787 514 921 611 ubique
937 516 1107 592 describen

115 607 190 691 dus,
214 608 366 680 velocitas
382 606 504 701 reliqua
521 609 583 680 etit
595 631 729 705 quoque
744 610 778 685 in
792 610 916 686 eadem
930 617 1107 689 rationet&

114 704 250 807 proinde
269 690 431 777 oscillantli
450 724 576 803 tempus
595 709 757 801 aqualiter
775 708 1007 786 retardabitur
1020 715 1106 787 uttin-

113 830 194 901 que,
218 810 253 875 &
275 801 484 874 oscillationes
504 805 679 877 etiamnum
699 805 880 880 manebunt
900 811 994 882 inter
1011 809 1046 893 le,
1068 829 1101 883 ut

114 906 215 1005 ptius,
240 895 433 971 Isochronae.
480 905 584 1002 QE.
594 906 640 972 D.

168 1000 271 1070 Caroli.
285 995 401 1069 Media
407 995 515 1089 itaque
522 995 691 1071 reststentia
702 1017 831 1099 tempus
838 999 1018 1078 oscillandi
1027 1003 1105 1096 nujus

115 1096 286 1189 requirunt
300 1117 398 1188 quam
418 1118 561 1167 vacuum
581 1093 716 1194 spatium
733 1123 743 1166 a
770 1102 806 1167 &
827 1094 1016 1201 horologia
1030 1101 1104 1174 ostil-

113 1194 228 1268 latoria
256 1193 352 1265 citius
369 1190 601 1285 aliquantulum
621 1192 814 1266 vibrationes
835 1192 910 1269 suas
934 1200 1104 1295 aequaletit

115 1314 224 1363 vacuo
241 1313 340 1384 quam
359 1288 391 1359 in
405 1310 654 1456 auffragunn
678 1290 898 1366 consentiente
911 1297 1104 1395 experientia.

115 1384 308 1463 Reststtntia
324 1384 446 1457 enula
484 1407 534 1457 ert
557 1387 738 1459 nonnullam
765 1391 946 1479 gravitatis
976 1395 1104 1466 motricit

116 1506 272 1651 ραποὲηέἰ
287 1480 472 1594 &proinde
491 1478 647 1556 effectum
664 1482 731 1577 ejus
752 1478 822 1557 live
832 1510 954 1563 motus
969 1492 1103 1565 velocia·

116 1592 184 1655 ιω
212 1607 234 1651 u
272 1599 399 1652 annuat.

191 1739 282 1808 Nou.
300 1753 356 1825 25.
387 1741 487 1827 1706.

545 2220 675 2292 XXIX.

120 2374 233 2447 LXII.
332 2377 612 2447 Onnontaus
638 2373 786 2465 inaquali
799 2370 985 2475 velocitate
1003 2370 1037 2449 in
1053 2368 1105 2449 lu·
1148 2358 1150 2373 ¹

350 2468 407 2542 ido
421 2464 624 2543 subtiliffimo
634 2471 730 2543 motis
744 2468 906 2544 refistitur
921 2473 943 2545 a
956 2470 1065 2548 fludio
1079 2474 1105 2545 it

118 2562 280 2663 duplicata
298 2569 478 2640 velocitatis
491 2569 624 2640 ratione.

163 2668 255 2738 Cum
269 2666 354 2737 enim
373 2669 501 2763 Corpus
516 2665 660 2737 velocius
677 2686 804 2761 motum
823 2670 857 2735 &
881 2664 1008 2757 majori
1020 2662 1107 2739 medii

116 2763 288 2858 quantitati
304 2764 338 2834 in
357 2763 479 2834 ratione
502 2761 690 2837 velocitatis,
717 2768 751 2833 &
770 2759 894 2853 cuique
910 2760 1022 2837 medii
1040 2760 1107 2861 parti

117 2861 245 2953 aequali,
268 2885 344 2933 cum
357 2860 481 2956 impetu
493 2858 608 2949 majori
624 2856 779 2931 ineadem
790 2856 982 2935 velocitatis
998 2862 1108 2937 ratione

116 2979 284 3038 occurrat,
313 2953 485 3029 tefistentia
510 2975 578 3027 tota
598 2979 640 3025 ex
660 2952 749 3028 causa
773 2976 915 3048 utraque
943 2956 1107 3051 conjunffl

116 3050 252 3124 oriunda
266 3048 435 3127 neceffario
446 3053 509 3125 erit
522 3055 553 3123 in
566 3050 708 3142 ejusdem
719 3051 901 3129 ¹velocitatis
910 3056 1046 3127 tatione
1055 3048 1107 3127 du·

114 3150 240 3248 plicata.
297 3152 366 3220 Cui
392 3146 529 3244 quidem
555 3149 670 3221 rationi
693 3146 864 3245 duplicata
895 3153 1108 3248 experimenta

115 3271 179 3317 non
194 3245 274 3319 male
293 3246 502 3318 consentiunt.
534 3246 629 3318 Licet
640 3247 777 3342 partium
795 3247 826 3317 in
839 3269 913 3317 aere
927 3246 1108 3323 cedentium

115 3345 308 3416 lubricitatis
326 3341 473 3415 defestus
497 3343 536 3414 ab
556 3339 741 3415 elasticitate
758 3362 865 3420 ottus,¹
899 3351 937 3415 δι
968 3346 1108 3421 nonnul

115 3442 332 3539 plurimorum
346 3438 525 3525 fluidorum
539 3442 678 3536 pattium
694 3435 833 3511 nohaesto
845 3436 946 3513 istam
957 3446 1106 3517 tationem

107 3540 350 3634 ¹aliquantulum
365 3537 493 3610 turbare
508 3535 655 3609 debeant.
1098 3600 1103 3609 .

167 3639 267 3706 Coroll.
284 3645 353 3724 (1.)
382 3638 472 3706 Cum
489 3635 596 3727 itaque
612 3656 784 3717 cornorum
796 3631 874 3704 fune
890 3634 1107 3729 pendulor'un

119 3730 152 3800 in
170 3729 349 3827 Cycloide‚
371 3732 430 3804 ubi
446 3727 618 3805 refistentia
632 3729 752 3804 essetin
773 3727 912 3826 sunplici
931 3734 1111 3811 velocitatis

118 3827 239 3899 ratione
261 3830 467 3904 oscillatioues
492 3826 588 3904 allent
609 3827 803 3963 Isocluonaet
834 3824 1041 3908 Refistentia
1062 3858 1111 3904 au·

987 3948 1112 4019 --ttfl
