2484 4366
108 207 185 284 no.
280 154 288 166 ’
394 178 827 285 rnngrcrrozvar
940 228 948 237 -

115 343 118 349 ’
163 326 233 416 Οἱ)Ι
243 324 350 398 datam
377 325 461 396 enim
483 325 688 396 velocitatem
707 324 792 420 vires
814 322 1002 424 centripetae
1023 320 1093 415 darn

114 444 258 520 ternpore
277 443 368 494 erunt
387 441 425 492 nt
436 442 605 493 curvatura
619 443 752 517 arcuum
763 423 948 516 equalium,
973 421 1097 516 hocell,

116 541 154 597 ut
169 518 443 598 circumferentiae,
461 514 622 598 diametri,
647 512 699 588 vel
714 512 794 591 radii
805 519 1007 614 circulorum
1023 521 1097 593 reci-

115 641 222 719 proce.
269 621 368 719 Q·
381 620 425 689 D.
940 665 945 674 -
1075 634 1077 639 ’
1113 626 1119 639 ’

167 715 269 784 Coroll.
283 714 353 807 (1.)
378 715 467 783 Cum
485 732 627 811 tempora
648 705 813 812 Periodica
838 712 871 785 in
892 714 1096 808 aequiveloci·

117 809 176 882 bus
189 807 251 881 sint
264 810 346 882 inter
360 806 554 881 seineadem
569 808 687 902 ratione
702 832 737 877 ac
749 805 820 878 sunt
834 802 1097 905 circumferentia
1112 896 1114 900 ¹

115 903 340 986 describenda,
353 900 700 1005 fitemporaPeriodica
713 903 1096 1005 mobiliumdiversoscir·

117 1006 206 1075 culos
223 998 477 1101 percurrentium
491 999 551 1100 sint
565 999 740 1074 directe'ut
753 1001 950 1097 circulorum
961 1007 1095 1077 circum·

114 1100 269 1182 ferentiae,
287 1098 446 1179 diametri,
465 1100 518 1170 vel
530 1095 622 1176 radii,
645 1097 727 1168 vires
740 1100 922 1198 centripetae
948 1124 1046 1195 erunt
1060 1122 1096 1193 ut

116 1196 184 1274 istae
193 1199 388 1271 circulorum
400 1195 675 1274 circumferentia,
694 1190 854 1290 diametri,
866 1197 1096 1288 velradiireci.

116 1319 236 1393 proce:
264 1295 298 1366 δὲ
322 1297 393 1366 vice
411 1291 508 1372 versa,
530 1290 554 1363 fr
576 1293 656 1364 vires
679 1291 858 1388 centripetae
879 1291 942 1378 smt
969 1316 1009 1369 ut
1025 1293 1097 1368 radit
1137 1308 1139 1345 ²

117 1395 171 1465 vel
197 1391 353 1465 distantiat
378 1392 558 1489 reciproce,
579 1385 676 1459 ¹erunt
690 1389 853 1484 Tempora
878 1387 1045 1489 periodica
1063 1411 1096 1485 ut
1136 1370 1139 1437 l

116 1487 347 1563 radii'directe'.
1137 1550 1139 1575 ἰ

167 1586 270 1654 Coroll.
287 1589 356 1672 (2.)
386 1582 420 1654 si
444 1583 584 1680 corporis
604 1578 743 1674 cujusvis
769 1584 912 1657 centralis
937 1572 1139 1691 anullini*

118 1682 199 1754 vires
215 1678 275 1752 lint
294 1681 453 1776 reciproce
471 1680 509 1759 ut
526 1704 695 1777 corporum
707 1675 863 1755 distantia
876 1681 895 1751 i
907 1682 1094 1778 centrosuo,
1113 1668 1125 1699 i

118 1781 163 1851 ita
180 1798 218 1851 ut
236 1802 304 1872 quo
322 1778 424 1873 magis
441 1779 691 1877 appropinquant
706 1799 848 1872 corpora,
867 1803 907 1849 eo
918 1782 970 1852 vis
985 1783 1095 1873 centri·
1137 1830 1139 1837 -

117 1897 190 1974 peta
199 1873 239 1948 fit
254 1873 365 1965 major,
375 1878 408 1965 δι
419 1897 487 1966 quo
498 1877 597 1972 magis
608 1875 805 1970 elongantur,
812 1877 861 1947 vis
872 1875 926 1946 illa
934 1874 977 1951 lit
985 1878 1096 1958 minor,

118 1970 218 2077 idque
236 1974 269 2046 in
282 1970 390 2043 eadem
403 1969 523 2065 ubique
536 1972 668 2050 ratione,
683 1970 776 2042 erunt
787 1992 929 2069 tempora
937 1972 1096 2072 periodica

118 2070 292 2167 'corporum
310 2063 359 2138 ad¹
370 2065 503 2137 diversas
518 2064 674 2139 distantias
694 2064 871 2162 positorum
891 2089 930 2141 ut
945 2069 1096 2165 distantia

118 2165 180 2241 illae
195 2163 329 2242 direne,
345 2169 378 2232 &
393 2161 568 2235 eorundem
581 2165 762 2236 velocitates
778 2164 921 2259 aquales.
947 2198 950 2205 ¹

167 2263 251 2331 XII.
278 2256 393 2331 Siduo
404 2260 537 2332 mobilia
551 2263 582 2332 in
598 2261 726 2332 circulis
749 2262 958 2359 inaequalibus
979 2264 1092 2361 veloci·

118 2372 184 2428 tate
200 2356 346 2450 inaequali
358 2380 432 2450 quae
451 2351 491 2427 stt
509 2357 541 2427 in
561 2355 777 2524 subduplicata
793 2359 912 2443 ratione
928 2358 1091 2451 circumfr-

118 2454 302 2539 rentiarum,
315 2450 557 2533 diametrorum,
568 2456 657 2535 velra
681 2453 1090 2545 iorumfe'rantur,'eruittvi·

117 2552 167 2625 'res
185 2551 364 2648 centripetae
379 2549 501 2644 ubique
517 2553 662 2643 equales,
676 2575 732 2623 nec
745 2555 778 2624 in
789 2549 1089 2639 accelsuvelrecellu

54 2666 57 2670 '
119 2646 274 2723 ullatenus
292 2668 347 2718 aut
361 2648 462 2718 austae
477 2670 531 2719 aut
546 2645 725 2721 diminutor.

119 2751 125 2800 -’
168 2745 230 2818 Ob
251 2744 407 2839 majorem
427 2744 511 2815 enim
536 2747 738 2817 velocitatem
765 2747 797 2817 in
830 2745 945 2841 majori
976 2746 1088 2821 circulo

118 2863 253 2936 eamque
270 2845 302 2918 in
322 2840 538 2950 subduplicata
561 2843 680 2914 ratione
704 2843 1030 2918 circumferentiarrun
1043 2870 1089 2917 au-

119 2935 232 3034 gendae
245 2938 362 3011 suntin
379 2940 493 3028 majori
510 2940 633 3010 circulo
646 2941 727 3011 vires
741 2941 923 3038 centripetar
943 2945 977 3033 in
993 2939 1091 3035 eadem

119 3034 253 3107 ra‘tione.
294 3039 344 3120 Εῑί
357 3033 401 3104 ob
422 3033 574 3123 majorem
589 3057 792 3110 curvaturam
805 3039 837 3109 in
848 3039 968 3111 minori
980 3036 1092 3126 circulo

117 3151 253 3224 raroque
279 3133 374 3202 etiam
400 3132 432 3202 in
452 3127 668 3299 subdrplicata
689 3136 808 3206 ratione
828 3132 1095 3227 circumferentia·

120 3253 195 3302 rum
207 3228 367 3324 reciproce
380 3225 530 3324 augendae
557 3250 614 3301 unt
626 3233 657 3304 in
670 3232 786 3303 minori
801 3234 924 3305 circulo
935 3237 1019 3307 vires
1029 3259 1096 3306 cen-

118 3325 288 3423 tripetaein
305 3322 420 3420 eadem
428 3326 558 3398 ratione.
576 3328 697 3424 Liquet
706 3330 806 3426 igitur
819 3332 901 3401 vires
917 3333 1098 3430 centripetas

22 3484 26 3490 .
119 3422 237 3515 'aquali
255 3420 374 3495 ratione
391 3425 541 3517 utrinque
565 3422 625 3521 else
648 3423 802 3523 augendas
828 3449 922 3521 atque
943 3426 1026 3502 adeo
1041 3424 1098 3503 elle

119 3516 293 3594 etiamnum
307 3520 456 3614 utrinque
471 3521 615 3614 aequales.
663 3529 765 3622 ‚04AE
784 3530 824 3599 D.

117 3623 127 3668 ί
170 3620 219 3690 Sit
235 3618 321 3690 enim
341 3616 479 3715 exempli
498 3618 598 3715 gratia
615 3616 720 3691 radius
741 3621 853 3709 circuli
874 3621 1000 3716 majoris
1023 3620 1101 3715 radii

121 3715 235 3804 circuli
245 3714 376 3795 minoris
388 3706 594 3810 quadruplus,
609 3714 674 3816 sive
688 3737 761 3812 ut4
775 3717 814 3815 ad
832 3712 862 3800 i,
875 3725 909 3790 &
925 3719 966 3815 sit
980 3716 1100 3821 veloci.

119 3816 166 3885 tas
178 3811 211 3884 in
222 3810 339 3905 majore
349 3811 394 3907 ,ad
412 3813 617 3920 velocitatem
638 3813 671 3890 in
694 3815 817 3916 minore
836 3816 1100 3920 insubduplicara

134 3943 138 3958 .
384 3945 387 3951 -
422 3948 427 3959 ,
477 3960 479 3964 Α
534 3955 544 3969 ,,
641 3949 646 3961 .
1052 3933 1098 3995 Ν,
