2484 4366
264 196 957 278 rursrcomnrnrmartcae.
1027 194 1099 294 '185

113 392 354 496 pccemricstatem
373 364 522 487 didimus
542 403 630 495 ‘nunc
653 354 711 452 'stt'
729 319 913 505 Ῑῗοζῖζο
929 398 1021 464 nuuc
1050 378 1105 450 soi

115 592 188 669 lum
206 557 402 661 ffl
424 584 448 660 st
469 586 623 661 nimirum
649 610 726 685 cum
747 582 894 659 distantia
918 588 1020 672 Lunae
1037 612 1108 669 nte.

118 669 126 699 ³
210 669 422 721 1.000.000-
803 710 806 715 ,

116 748 229 822 diocri
246 734 382 843 partium
400 763 584 812 1.0co.000
598 758 807 837 comparetur.
858 742 970 833 Atque
982 738 1109 815 adeout

115 847 180 921 -ista
192 842 466 915 eccentricitatum
481 834 663 908 differentia
679 838 764 908 ultra
775 837 874 908 totius
888 841 1110 911 eccentricita·

119 948 164 1018 tis
177 942 319 1013 minimae
331 931 485 1008 semissem
501 935 658 1032 allurgere
671 930 935 1034 deprehendatur.
983 940 1110 1010 verum

114 1041 166 1113 -de
186 1037 248 1109 hac
262 1061 294 1108 re
315 1028 593 1132 impresentiarum
615 1031 695 1104 satis.
738 1032 831 1102 Plura
854 1033 1012 1105 Termino
1037 1038 1111 1106 Au·

115 1136 265 1210 ,cumani
283 1130 501 1238 expectantes.

116 1242 135 1378 s
176 1254 367 1395 'Jtnc-
398 1311 495 1386 1705·

112 1466 119 1478 ί

591 1676 668 1751 xx.

117 1843 368 2012 'XXXVSI
402 1838 527 1910 Satelles
557 1836 640 1906 circa
664 1834 850 1931 primarium
876 1839 1061 1912 revolvatur
1090 1837 1123 1909 iu

136 1940 140 1950 '
272 1942 274 1947 '
368 1930 448 2006 orbe
470 1930 562 2024 cujus
591 1934 719 2029 planum
745 1929 786 2003 ad
809 1936 936 2030 planum
956 1935 1041 2006 orbis
1061 1936 1125 2031 pri-

133 2036 235 2108 marii
258 2035 341 2105 circa
373 2033 480 2104 Solem
503 2032 687 2102 inclinatum
713 2027 830 2111 fuerit,
857 2033 938 2111 linea
966 2027 1127 2107 nodotum

137 2134 236 2204 motu
248 2127 388 2228 angulari
402 2128 587 2222 movebitur
599 2129 631 2198 in
647 2125 872 2210 antecedentia,
886 2127 951 2201 five
966 2125 1129 2303 regredie-

134 2235 199 2302 'tur
206 2255 217 2311 3
244 2247 275 2297 at
290 2223 458 2307 velocitate
475 2226 642 2319 inaequali:
669 2226 829 2297 celerrime
838 2225 1002 2318 quidemn
1026 2220 1131 2311 inodi

137 2325 267 2399 suntin
288 2320 511 2417 quadraturis3
566 2320 651 2392 ostea
670 2322 827 2420 gradatim
849 2323 989 2405 tardius,
1013 2320 1129 2402 donec,

141 2419 237 2496 nodis
254 2422 284 2491 in
303 2421 385 2518 syzy
403 2417 447 2493 liis
468 2346 661 2510 conslltutis,
686 2418 807 2515 prorsus
825 2421 976 2514 quiescat.
1026 2426 1065 2516 In
1081 2422 1131 2492 lo-

142 2522 195 2592 'cis
206 2519 297 2597 ,inter
312 2446 516 2610 quadraturas
533 2515 729 2615 &syzygias
747 2516 939 2589 intermediis
952 2516 1041 2598 nodi,
1056 2541 1134 2589 con·

143 2615 280 2690 ditionis
303 2612 468 2707 utriusque
493 2615 679 2708 participes„
698 2612 847 2704 recedent
869 2613 989 2686 tardius
1001 2641 1013 2696 3
1041 2613 1138 2689 adeo-

145 2737 215 2809 que
234 2709 353 2808 semper
372 2714 426 2783 vel
445 2709 635 2809 retrogradi,
647 2712 710 2783 'vel
738 2708 922 2799 stationarii,
949 2708 1077 2808 singulis
1092 2711 1138 2783 sa·
1223 2792 1225 2796 .

145 2809 261 2898 tellitis
281 2807 535 2879 revolutionibus
551 2807 692 2878 ferentur
710 2808 745 2895 in
763 2806 990 2890 antecedentia.
1040 2811 1089 2903 Et,
1105 2809 1140 2881 in

148 2904 262 2993 eadem
278 2906 424 2976 Satellitis
444 2905 644 2977 revolutione
667 2904 798 2974 celerius
813 2902 1031 3003 regredientur
1044 2928 1143 2979 caete-

146 3006 195 3077 'ris
205 3001 345 3100 paribus,
371 3027 446 3073 cum
466 3002 591 3074 Satelles
604 2999 650 3073 est
669 3003 702 3074 in
719 2999 875 3101 syzygiis,
901 3028 1087 3097 quamtum
1101 2999 1142 3082 sit

150 3100 372 3176 inaliislo‘cis.¹
391 3106 405 3119 ”
1024 3152 1026 3155 .
1072 3171 1077 3177 .

154 3206 159 3224 ²
204 3200 260 3282 Ex
278 3192 403 3277 viribus
423 3196 507 3273 enim
527 3196 823 3293 perturbatricibus,
849 3195 889 3270 de
913 3200 1032 3291 quibus
1049 3197 1146 3267 toties

138 3288 314 3373 diximus,
338 3295 388 3365 vis
402 3294 499 3375 ΕΜ,
524 3294 576 3390 vel
601 3298 664 3375 lm,
690 3291 748 3390 ipss
765 3302 833 3385 Sl',
859 3296 912 3364 vel
936 3301 983 3390 Sp
1009 3296 1040 3364 in
1053 3293 1145 3389 plano

139 3389 275 3462 ’urbita
294 3388 432 3461 satellitis
445 3389 571 3488 'semper
587 3389 654 3463 sttae
673 3392 827 3488 parallela,
854 3394 970 3461 nullam
989 3392 1071 3489 plani
1092 3417 1146 3473 or·

137 3487 238 3559 'bitae'
263 3487 473 3577 mutationem
499 3485 648 3583 inducere
679 3486 794 3585 potest.
843 3489 904 3560 Vis
932 3491 1028 3559 etiam
1054 3489 1149 3567 alt‘e'ta
1208 3484 1216 3499 ⁰

158 3588 251 3663 MS,
275 3586 329 3654 vel
352 3611 384 3652 m
395 3584 433 3663 S,
454 3582 487 3654 in
502 3578 594 3682 plano
610 3587 765 3682 eclipticas
780 3582 847 3666 fita,
872 3583 930 3656 ubi
944 3582 1022 3657 nodi
1035 3584 1151 3673 suntjn

163 3681 310 3777 syzygiis
334 3681 429 3772 etiam
451 3680 484 3751 in
507 3680 619 3779 orla'itae
640 3676 731 3778 plano
750 3680 854 3778 pofita
874 3684 947 3761 erit,
961 3754 964 3759 ,
979 3689 1093 3782 utpote
1111 3682 1152 3761 'in

167 3778 333 3859 communi
348 3777 512 3872 utriusque
523 3777 610 3877 'plani
624 3778 838 3872 intersedion'e
851 3798 923 3849 tum
935 3784 1085 3879 temporis
1094 3805 1152 3877 po-

164 3868 259 4013 pita?
287 3876 338 3945 At
356 3873 512 3968 verd'ub'i
526 3868 767 3958 no'din'onsunt
786 3873 995 3975 invyzygiis,
1020 3874 1069 3950 vis
1082 3872 1153 3977 haec
