2484 4366
212 173 215 178 ·
262 165 949 240 PHYSICo-MATHEMAHM.
1034 186 1101 269 349
1146 127 1160 185 ³

112 306 140 342 ‘⁸
164 295 378 395 sesquiplicata
391 297 511 367 ratione
528 289 765 374 distantiaruma
778 363 782 370 ,
793 290 937 384 adeoque
953 287 1105 360 areaedi·
1150 377 1153 382 Ι

114 402 141 440 “
166 419 262 474 urna,
293 394 493 488 inpartibus
517 390 692 463 centesimis
719 387 901 482 quadrantis
927 385 1102 466 aestimata,

117 499 142 536 “
165 496 259 584 (quas
280 488 381 562 medii
399 510 507 565 motus
531 488 696 568 mensuras,
721 479 817 559 instar
833 485 992 585 graduum
1011 486 1105 581 poni·

117 595 142 634 “
165 598 252 672 mus)
273 587 388 659 suntin
401 586 530 684 singulis
544 586 843 680 insubsesquialtera
857 586 978 656 ratione
985 579 1105 654 distan-

113 692 139 729 “
163 687 219 757 tiae
234 683 394 781 periheliae
408 686 423 757 a
439 688 523 757 Sole.
575 747 578 752 ,
972 732 975 737 «
995 719 999 724 ,
1090 730 1097 744 .

163 783 300 861 Medius
312 805 424 879 nempe
443 803 551 855 motus
569 779 702 854 diurnus
721 777 914 869 o.9rz.280
928 773 1104 876 Logarith-

739 892 747 920 Ι

115 957 172 1006 mo
194 939 348 1034 Negativr
372 981 407 994 -
428 931 616 1030 0.039.872
630 956 674 1023 ex
696 933 874 1026 antiquiore
891 954 979 1003 more
996 928 1104 1101 eqtpriss

116 1029 262 1121 menduc,
287 1056 376 1119 more
394 1027 449 1103 hic
465 1033 530 1103 loci
542 1053 630 1119 novo
649 1033 774 1122 Prffaivo
786 1029 989 1119 9.960.128.
1071 1053 1106 1100 e·

113 1125 254 1225 vitandas
275 1153 387 1227 nempe
407 1125 664 1200 characteristica
683 1123 838 1224 negativa
862 1152 976 1208 moras,
1001 1127 1107 1224 expri-

115 1229 234 1300 mitur:
259 1225 380 1318 rejedo
397 1225 550 1298 nimirum
569 1226 601 1296 in
625 1220 789 1296 additione
810 1222 952 1306 denario,
979 1227 1106 1297 cumu-

115 1323 166 1395 sus
183 1325 317 1405 venerit,
342 1346 378 1396 ut
389 1323 503 1395 formae
516 1319 672 1393 consuetae
690 1322 889 1414 aequivaleat.
939 1320 1106 1417 Rode-au.

117 1442 183 1493 tem
194 1418 248 1492 hic
261 1440 348 1513 notat
364 1421 510 1509 Halieius
525 1422 557 1491 in
570 1410 703 1499 diversis
722 1419 881 1493 Parabolis
899 1414 1107 1512 quadrantem

114 1514 228 1590 eodem
245 1515 379 1612 quidem
392 1519 531 1616 partium
543 1541 690 1598 numero,
702 1530 814 1615 nempe
830 1519 1022 1613 centenario,
1032 1514 1106 1589 ribi2

114 1638 180 1709 que
199 1614 315 1687 censeri
321 1628 337 1700 ς’
362 1617 405 1688 ita
422 1636 525 1689 tamen
545 1635 583 1686 ut
599 1633 699 1712 partes
715 1611 781 1686 istae
797 1638 908 1687 revera
924 1598 1106 1711 inequales,

116 1719 224 1810 &pro
235 1710 453 1811 magnitudine
463 1713 622 1784 Parabolai
636 1709 778 1801 majores,
803 1728 864 1811 pro
875 1713 1029 1809 parvitate
1042 1713 1105 1806 mi7

115 1833 206 1881 nores
219 1807 291 1891 sint,
306 1816 340 1881 δι
353 1836 388 1883 ea
401 1807 536 1905 quidem
548 1811 667 1881 ratione
680 1807 814 1901 majores
822 1812 875 1883 vel
884 1810 1030 1903 minores,
1043 1832 1107 1882 non

111 1909 263 2002 qua'ipsat
276 1908 374 1979 isole
388 1904 544 1980 distantiat
558 1904 723 1986 c'rescunt,'
739 1903 1000 1988 vel'decrescunn
1009 1904 1108 2005 sedin

114 2001 257 2092 ejusdem
275 2004 553 2098 subsesquiaitera:
587 2005 629 2075 ita
649 2023 687 2073 ut
699 2000 921 2078 distantiarum
944 2003 1108 2097 Qudnam

118 2097 368 2197 fintlinterseut
380 2096 500 2197 harum·
508 2103 648 2201 partium
662 2100 754 2173 Cubi
764 2102 941 2200 reciproce.
1095 2169 1098 2173 ,
1138 2104 1140 2108 ’

143 2284 147 2291 ¹
168 2200 203 2246 “³
215 2198 278 2269 His
292 2196 462 2293 necessario
474 2195 637 2296 praemissrs
650 2219 845 2295 proponatur
859 2198 993 2292 alicujus
1005 2199 1023 2273 ὲ
1036 2196 1107 2268 Co'-

110 2301 141 2365 '‘.‘
165 2298 259 2392 metis
272 2295 382 2369 nostris
397 2301 526 2385 Locum
544 2295 648 2368 visum
667 2292 707 2385 a'd
718 2291 836 2384 'datum
849 2319 976 2394 tempus
988 2295 1106 2392 suppuss

114 2406 140 2442 “
165 2394 243 2465 tare.
293 2393 438 2488 Primum
459 2396 567 2487 itaque
591 2393 670 2464 Solis
691 2393 780 2463 locus
800 2393 839 2464 ab
860 2394 1058 2486 aequinostio
1071 2393 1106 2464 in

115 2503 141 2538 “
166 2512 317 2588 promptu
341 2491 405 2572 srt3
433 2484 640 2583 ejusdemque
664 2482 822 2561 distantia
845 2489 984 2562 aTerra
1000 2495 1107 2588 Loga-

116 2600 142 2636 “
166 2585 316 2660 rithmus.
356 2595 412 2660 2⁰.
428 2588 583 2685 Capiatur
612 2587 815 2660 intervallum
842 2589 994 2685 temporis
1023 2587 1106 2658 inter

116 2697 142 2732 ‘⁶
166 2705 230 2756 tem
254 2711 288 2757 us
311 2683 460 2767 Perihelii
481 2688 517 2757 δι’
536 2705 661 2783 tempus
675 2681 800 2764 datum,
826 2684 858 2755 in
878 2682 991 2757 diebus
1009 2687 1108 2781 parti-

116 2793 142 2829 “
166 2781 211 2855 bu
224 2808 288 2876 que
301 2782 368 2856 diei
382 2781 602 2875 decimalibus.
629 2780 739 2874 Hujus
756 2783 881 2852 numeri
894 2778 1107 2880 Logarithmo

115 2891 142 2927 “
166 2877 547 2980 addaturLogarithmus
569 2876 709 2950 constans
724 2875 928 2967 9.960.128.
954 2904 990 2950 ac
1012 2903 1106 2950 com-

116 2989 142 3025 “
166 2978 362 3072 plementum
382 2974 640 3067 Arithmeticum
657 2976 886 3070 sesquialterius
901 2975 1106 3074 Logarithmi

116 3087 142 3122 “
166 3071 322 3166 distantia
347 3074 509 3173 perihelia
531 3075 550 3145 h
569 3077 656 3147 Sole.
707 3080 849 3154 Summa,
877 3073 1107 3173 Logarithmus

116 3184 142 3219 “
166 3173 227 3243 erit
242 3193 348 3245 motus
364 3169 465 3245 medii
478 3174 509 3243 in
529 3172 631 3270 prima
653 3173 801 3243 columna
819 3171 936 3244 tabula
956 3173 1108 3266 generalis

116 3280 141 3318 “
166 3269 342 3362 quarendi.
395 3273 450 3359 3⁰.
477 3270 567 3340 Cum
594 3290 687 3341 motu
712 3267 822 3341 medio
846 3271 988 3366 capiatur
1009 3270 1039 3340 in
1060 3291 1109 3340 ta·

116 3379 143 3414 “
167 3366 240 3438 bula
267 3355 508 3465 correspondens
528 3366 703 3459 angulosi
730 3362 912 3447 Periheli03
941 3371 975 3436 &
998 3369 1105 3463 Loga-

118 3475 144 3512 “
167 3461 302 3537 rithmus
321 3490 379 3564 pro
403 3462 580 3539 distantiad
600 3467 691 3535 Sole:
718 3489 754 3535 ac
770 3454 966 3545 in'Cometis
978 3461 1107 3535 diresiis

118 3575 145 3610 “
168 3562 254 3652 adde,
280 3566 311 3635 in
334 3559 525 3660 retrogradis
543 3558 661 3652 firbdur
673 3587 684 3642 ;
719 3559 743 3632 sr
766 3561 867 3635 fuerit
893 3581 1019 3657 tempus
1034 3561 1106 3657 post

117 3672 149 3748 “.
167 3658 376 3757 perihelium:
404 3661 454 3755 vel
468 3663 499 3731 in
514 3655 642 3730 diresiis
655 3656 784 3752 subdar,
811 3665 845 3729 &
863 3659 894 3729 in
913 3655 1106 3754 retrogradis

118 3771 143 3806 ‘⁸
167 3757 260 3841 afcsde3
286 3757 313 3850 *sr
326 3758 425 3831 fuerit
444 3759 513 3845 ante
531 3754 754 3851 Periheliuma
768 3756 921 3852 angulum
939 3752 981 3826 sic
996 3757 1106 3828 inven-

114 3866 147 3951 ἔξ
160 3874 236 3953 ¹{tun
250 3859 268 3932 a
280 3859 365 3937 ioco,
394 3851 576 3955 [subtrahe]
591 3855 643 3928 vel
650 3851 690 3927 ad
698 3855 808 3928 locum
821 3851 970 3927 Perihelii
985 3850 1104 3948 [adde]

193 3970 198 3978 ·
502 3980 505 3987 ·
1023 3964 1047 3997 (ί
1074 3957 1108 4021 &
