2484 4366
260 192 945 283 rnlrlcoaMArurMArroAE.
1043 236 1108 310 241
1196 208 1199 219 ’

118 355 326 440 quacunque
342 338 454 414 cadem
465 341 501 413 vi
518 338 662 433 undique
679 363 878 437 premuntur.
928 352 1033 418 Par'tes
1047 351 1111 444 igi·

121 461 182 514 tur
199 439 270 511 duae
289 441 414 533 quaevis
431 431 592 535 splraericn
606 461 669 509 non
688 440 849 539 contigua
864 440 974 515 eadem
986 446 1021 516 vi
1037 468 1110 541 pre·

123 558 267 617 muntur,
290 539 367 631 quia
388 559 457 632 pars
479 533 629 632 spherica
650 535 837 610 intermedia
852 558 977 637 tangere
1003 541 1107 640 potest

122 657 356 827 ungllqlielq)
392 637 508 800 {iulg
523 727 617 801 fluidi
630 726 761 822 hujusce
773 705 1027 840 partesundique
1059 725 1109 811 re'-
1182 730 1186 736 ⁵

117 849 255 900 munttu
266 827 439 921 aqualiter.
466 831 554 899 Nam
562 824 1022 929 partesduaequaevistangipo
1048 856 1107 907 unt

116 925 139 998 b
164 926 309 1022 partibus
330 920 490 1091 ¹splraeritis
511 924 543 994 in
562 925 688 1020 pundis
705 924 968 1021 quibuscunque:
1001 937 1035 1000 δι
1062 931 1111 1006 ibi

120 1042 226 1119 partes
246 1023 310 1094 illas
342 1017 490 1116 phaericas
502 1021 667 1114 aqualiter
681 1042 842 1117 premunt,
854 1045 911 1133 per
926 1024 1030 1099 casum
1043 1049 1109 1104 ter·

118 1121 233 1190 tium:
264 1125 300 1189 &
317 1135 444 1216 propter
458 1118 650 1199 rendlionem
668 1118 787 1190 aclioni
812 1119 933 1213 unque
951 1127 1107 1216 aqualem

122 1213 319 1303 vicilliunfeb
336 1216 396 1286 illis
412 1214 576 1308 equaliter
589 1235 786 1311 premuntur.
835 1222 882 1312 Q.
890 1222 932 1288 E.
940 1222 988 1290 De

172 1317 272 1383 Cns.
293 1316 363 1404 (5.)
391 1314 482 1383 Cum
495 1311 596 1409 igittu
608 1309 704 1384 fluidi
721 1308 853 1404 hujusce
871 1317 1106 1410 parsqualibet

119 1414 230 1480 GH!
246 1409 285 1500 in¹
292 1406 399 1481 fluido
417 1411 542 1502 reliquo
559 1430 711 1503 tanquam
731 1412 763 1483 in
782 1409 854 1497 ¹uase
868 1408 1046 1496 claudatur,
1070 1421 1106 1487 &

118 1504 268 1600 undique
275 1516 439 1604 ¹prematur
458 1507 639 1600 aqualiter3
688 1528 767 1580 artes
783 1529 891 1580 autem
907 1508 975 1599 ejus
987 1509 1017 1581 se
1029 1535 1105 1587 mu,

116 1623 179 1675 tuo
194 1605 357 1698 aqualiter
374 1624 515 1700 premant
530 1609 565 1678 δε
576 1530 738 1696 quelmt
757 1606 838 1676 iuter
851 1604 883 1676 se
903 1606 1106 1683 manifestum

116 1696 169 1773 cst
182 1697 275 1794 quod
289 1697 385 1772 llui‘di
396 1694 613 1794 'cujuscunque
639 1705 717 1770 GH
717 1706 742 1770 I
759 1700 851 1793 quod
872 1699 1015 1796 undique
1035 1728 1107 1802 pff,

115 1797 222 1868 mitur
236 1799 403 1891 aequaliter
419 1816 519 1895 partes
537 1820 644 1868 omnes
658 1797 688 1867 se
703 1818 820 1868 mutuo
834 1819 982 1896 premunt
997 1824 1105 1897 aequa*

115 1895 205 1974 liter,
230 1893 447 1987 &quiescunt
464 1894 601 1966 intense.
648 1900 702 1988 ,Q
709 1900 752 1964 E.
769 1899 811 1970 D.
848 1936 849 1941 κ

171 1994 237 2060 Cn
247 2015 275 2061 s.
286 1997 357 2079 (6.)
385 1993 491 2089 Igitur
506 1988 532 2062 st
547 1989 689 2063 fluidum
703 1986 785 2062 illud
799 1988 912 2063 invase
924 2014 986 2063 non
997 1989 1109 2092 rigido

120 2085 299 2168 claudatur,
332 2094 367 2158 &
381 2085 525 2182 undique
544 2111 606 2159 non
625 2108 787 2184 prematur
811 2089 984 2180 aeqtulitcr,
1014 2086 1108 2163 cedet

119 2178 211 2255 idem
228 2181 374 2281 prelfioni
389 2183 536 2267 fortiori,
563 2207 618 2281 per
631 2182 852 2260 definitionem
868 2183 1050 2261 fluiditatis.

171 2283 204 2351 C
215 2295 276 2352 ns‘.
293 2286 362 2376 (7.)
391 2278 537 2374 Ideoque
555 2283 587 2353 in
604 2279 674 2353 vase
686 2280 794 2381 rigido
808 2276 950 2356 fluidum
967 2292 1030 2356 non
1050 2281 1102 2358 su·

118 2373 249 2450 stinebit
286 2374 449 2451 relstonem
463 2377 632 2450 fortiorem
645 2403 688 2450 ex
701 2403 766 2451 uno
783 2379 878 2451 latere
897 2405 994 2475 quam
1012 2405 1056 2455 ex
1073 2407 1107 2453 a··

119 2471 193 2546 liot
226 2474 245 2546 s
297 2470 402 2546 eidem
426 2473 543 2547 cedet:
577 2473 677 2569 idque
700 2476 731 2546 in
755 2496 919 2547 momento
943 2481 1107 2574 temporis,

116 2573 198 2739 quia
216 2572 296 2644 latus
314 2569 394 2643 ναῦς
415 2570 559 2670 rigidum
578 2573 860 2670 nonpersequitur
877 2574 1039 2665 liquorem
1054 2599 1107 2646 ce·

140 2688 260 2741 entem.
310 2665 468 2741 Cedendo
487 2690 594 2741 autem
606 2668 735 2781 tugebit
748 2669 828 2740 latus
838 2666 1024 2766 oppofitum
1029 2694 1045 2752 3
1070 2676 1107 2741 δι
1234 2715 1237 2719 -

119 2760 166 2837 fic
184 2762 302 2862 prelfio
321 2763 464 2860 undique
483 2762 541 2876 ad·
552 2767 765 2861 equalitatem
788 2786 912 2877 verget.
961 2763 1009 2933 Et
1020 2789 1107 2858 quo·¹

117 2864 214 2941 niatu,
226 2858 365 2935 fluidum
376 2886 479 2956 quam
493 2884 634 2958 prunum
650 2864 685 2953 a,
709 2881 774 2933 arte
792 2886 891 2959 magrs
908 2884 961 2957 pre
988 2885 1106 2935 arece⁴

115 2957 194 3035 dere
207 2978 354 3038 conatur,
375 2955 540 3031 inhibetur
560 2980 617 3056 per
639 2886 843 3053 relistentiam
868 2952 947 3031 valis
964 2952 1106 3058 adlatus

114 3047 324 3155 oppolitutn„
342 3053 513 3142 reducetur
532 3050 648 3154 prellro
665 3053 808 3151 undique
819 3048 874 3152 ad
893 3055 1107 3156 aequalitatem

113 3154 148 3227 in
161 3174 330 3224 momento
347 3148 650 3250 temporissabsque
666 3175 760 3225 motu
774 3145 869 3225 locali
877 3179 890 3235 3
918 3148 953 3224 dc
971 3142 1104 3224 subinde

112 3269 222 3347 partes
232 3246 340 3322 lluidi
357 3272 413 3347 per
433 3248 549 3327 casum,
560 3251 715 3343 quintum
729 3248 759 3321 se
772 3265 889 3347 mutuo
903 3269 1047 3347 prement
1061 3271 1106 3320 ae·

113 3345 269 3442 qualiter,
293 3344 593 3440 &quiescentinter
607 3344 646 3416 se.
694 3349 860 3445 Q.E.D.--
923 3425 927 3434 ‚

170 3446 373 3515 Candauiam.
405 3445 495 3517 Hinc
516 3465 624 3516 motus
641 3445 780 3539 partium
803 3430 898 3514 fluidi
916 3432 1104 3530 hujulinodi

114 3534 246 3615 interse
261 3563 319 3636 ,per
338 3535 525 3637 prelsronern
537 3532 651 3627 ¹>fluido
665 3528 818 3611 ubivisin
836 3560 962 3610 externa
973 3525 1009 3609 lu
1048 3534 1107 3611 rfi·
1234 3599 1237 3605 .

114 3639 168 3709 cie
184 3636 302 3709 illatam
315 3637 434 3707 mutari
448 3660 510 3709 non
525 3635 664 3732 possunt,
687 3623 747 3708 nili
766 3657 919 3729 quatenus
932 3648 987 3706 aut
1008 3651 1107 3731 ,gura'

112 3730 298 3828 superficiei
309 3731 428 3819 alicubi
439 3753 594 3815 mutatur,
606 3753 662 3805 aut
667 3756 773 3807 omnes
782 3722 988 3833 fluidipcrtcs
1002 3731 1109 3828 inter<

117 3828 243 3913 srusuel
257 3825 413 3911 remisfius
425 3826 484 3909 sest
499 3827 671 3928 premendo
684 3823 849 3927 difficilius
862 3828 916 3929 tel
928 3817 1052 3931 faqilius
1059 3828 1104 3901 la·

114 3929 241 4003 buntur
255 3928 336 4001 inter
353 3925 396 3998 se.
465 3938 468 3945 '
764 3917 802 3998 R
979 3922 1103 4006 ,Caroli
