2484 4366
127 200 200 265 πᾶ
296 248 299 253 .
410 194 841 263 PRrAELEGTIONES

130 319 230 402 verli,
252 344 316 413 qut
334 324 487 392 tumuum
504 320 544 392 ad
564 321 650 393 suam
671 348 688 393 a
710 325 915 419 propinquat,
943 342 1003 394 aut
1016 324 1113 419 potius

132 442 201 512 qua.
220 439 356 512 utraque
377 439 493 491 conatu
519 418 636 489 mutuo
652 346 878 516 ,atiamplexus
898 441 1036 491 mutuos
1059 419 1117 492 ferr

132 538 199 597 tur,
224 541 364 610 quaeque
382 517 499 588 Pondm
517 516 791 611 alteriur'dititun
837 545 875 588 ro
920 518 1066 589 rtionalis
1083 514 1117 588 fit

131 637 195 685 non
208 611 334 710 spbaerae
352 611 521 684 attrahenti
530 612 749 692 solummodo,
772 540 973 712 setispbibris
985 613 1119 707 utribue

132 708 229 783 simul
239 710 383 805 sumptis.
417 714 469 782 Sic
482 711 550 781 sane
563 707 688 807 pondus
702 714 841 808 corporis
859 711 1006 802 cujusvis
1017 714 1047 783 in
1058 732 1114 782 ter-

130 834 198 883 ram
215 807 295 883 illud
314 811 445 879 omnino
459 805 581 879 dicitur
600 833 670 901 quo
688 833 800 905 corpus
815 807 898 884 illud
915 817 954 881 &
973 831 1112 880 tenatt-

130 908 260 981 locitate
274 902 584 977 accedendirelativa
600 903 640 976 ad
661 906 690 974 se
711 928 828 978 mutuo
849 904 1021 978 feruntur.
1066 907 1118 976 Sic-

130 1002 197 1073 sane
211 997 307 1072 Olim
319 999 516 1075 ostendimus
526 1003 715 1100 gravitatem
724 1005 825 1073 Lunae
835 1004 870 1074 in
883 1024 1010 1075 tenum
1021 1001 1112 1083 ellec-¹

130 1169 151 1222 P
196 1166 200 1171 .
321 1163 326 1174 .
413 1097 605 1191 jusquidem
614 1101 796 1192 quantitatis
808 1121 846 1171 ut
857 1098 1113 1198 ipatiohoranuo

132 1176 203 1240 Μ’
220 1182 266 1239 ²3‘
284 1174 365 1245 prun.
411 1224 446 1292 4.
473 1204 507 1267 δι
519 1199 719 1268 minutorum
727 1200 905 1294 primorum
924 1224 982 1269 20.
1008 1193 1113 1270 ferend

129 1295 198 1385 ejus
213 1315 358 1367 centrum
372 1294 509 1365 caderet.
562 1299 639 1366 Non
661 1293 753 1387 quod
772 1297 874 1365 omnis
886 1293 949 1367 ista
968 1297 1112 1367 velocitas

127 1392 168 1465 ad
184 1398 310 1465 Lunam
323 1398 431 1462 revera
452 1389 691 1472 fitreferenda3
721 1390 773 1461 sed
792 1391 883 1485 quod
905 1391 930 1462 si
951 1396 1058 1464 omnis
1068 1416 1111 1464 tt·

130 1488 266 1560 cedendi
279 1489 431 1560 uelocitas
448 1487 620 1583 respebliva
640 1513 680 1558 ex
700 1509 795 1559 motu
816 1490 987 1582 utriusque
1001 1488 1111 1586 syderis

128 1584 263 1656 oriunda
272 1583 444 1657 adLunanr
456 1585 551 1657 solarn
562 1585 745 1664 referretur,
770 1607 868 1680 prout
883 1587 1115 1659 incolisTerrae'

128 1681 313 1754 usuvenire
332 1680 440 1763 debet,
465 1678 607 1753 efficeret
627 1684 678 1754 illa
700 1705 736 1753 ut
759 1681 820 1753 isto
841 1685 1000 1781 temporis
1025 1685 1111 1782 spatio

130 1784 223 1849 Luna
244 1780 284 1851 ad
300 1782 441 1852 Telluris
458 1802 604 1850 centrum
618 1776 753 1852 caderet.

181 1881 279 1948 Coroll.
301 1884 369 1974 (4.)
397 1884 436 1948 In
453 1875 608 1948 distantiis
622 1875 837 1970 .inaequalibus
850 1879 1112 1956 anattionesmo:

129 1976 224 2047 trices
237 1973 303 2046 five
311 1972 452 2071 pondera
466 1973 486 2044 s
500 1971 654 2045 haeraru'm
674 1976 705 2044 in
722 1972 859 2069 sphaeras·
872 1997 968 2047 erunt
988 1998 1030 2048 ut
1046 2000 1112 2048 con

131 2093 218 2143 tenta
226 2073 277 2143 illa
288 2072 440 2166 applicata
452 2000 499 2140 ati
502 2070 656 2163 quadrata
666 2070 884 2141 distantiarum
894 2074 984 2143 inter
1004 2094 1112 2145 centra.

181 2172 282 2247 Coroll.
301 2169 368 2256 (5.)
393 2165 516 2237 Eadem
535 2168 639 2238 valent
662 2171 758 2238 etiam
775 2170 792 2239 l
807 2167 939 2241 fortiori
952 2169 1015 2242 ubi
1028 2192 1113 2242 attra-

110 2297 112 2299 ·
129 2266 196 2335 &io
210 2265 330 2360 integra
342 2265 446 2334 oritur
458 2264 476 2332 l
488 2260 615 2358 sphaerae
630 2264 793 2357 utriulque
807 2267 930 2337 virtute
952 2270 1114 2339 attrnelivt

127 2364 246 2438 munio
263 2363 401 2433 exercita
417 2363 448 2432 in
460 2356 609 2456 sphaerarn
625 2364 765 2432 alteram.
816 2367 904 2432 Nam
918 2363 1115 2437 viribusam·

126 2459 453 2556 babuogerniuabitur
465 2459 623 2539 amanio,
648 2461 859 2554 Proporticne
873 2457 1009 2532 servata.

179 2560 279 2626 Corol.
306 2562 374 2643 (6.)
405 2559 438 2626 Si
456 2552 643 2644 hujusmodi
659 2554 787 2653 sphaerae
809 2559 925 2649 aliquae
943 2561 1032 2630 circa
1051 2561 1117 2630 aliar

129 2653 323 2746 quiescentes
335 2653 543 2724 revolvantur
562 2650 692 2749 singular
710 2656 794 2723 cirta
809 2651 965 2751 finguln55
997 2655 1118 2750 sintque

21 2813 24 2818 .
127 2749 283 2823 distantiae
298 2753 381 2828 inter
395 2771 501 2821 centra
518 2751 752 2822 revolventium
763 2771 866 2843 utque
884 2753 1118 2844 quiescentium

129 2851 377 2945 proportionales
389 2847 620 2942 quiescentium
632 2847 791 2919 diametris
797 2874 809 2928 3
839 2852 1006 2946 Tempora
1017 2853 1118 2949 perio

128 2942 202 3037 ¹dien
216 2966 309 3016 erunt
324 2946 467 3038 aequalia.
489 3004 492 3009 .
804 2953 806 2957 ’

178 3043 283 3111 Coroll.
304 3048 374 3134 (7.)
403 3044 450 3112 Et
467 3038 605 3113 viciffim
621 3041 646 3114 fi
663 3066 804 3141 tempora
819 3043 986 3137 periodica
1000 3046 1064 3119 sint
1079 3073 1119 3120 ε·

128 3138 245 3233 qualia,
263 3135 425 3209 distantiae
438 3158 531 3209 erunt
549 3143 796 3236 proportionales
809 3139 985 3225 diametris.
1082 3142 1085 3147 ’

141 3264 143 3268 ’
179 3236 280 3306 Camil.
308 3234 386 3322 ‘(8.)
422 3233 546 3307 Eadem
561 3242 671 3310 omnia
695 3264 769 3332 quae
785 3240 933 3333 -superius
960 3238 1003 3312 de
1028 3263 1119 3314 motu

128 3336 301 3428 corporum
311 3335 395 3405 circa
411 3332 581 3405 umbilicos
599 3339 780 3407 conitarum
796 3335 974 3408 notionum
986 3336 1119 3410 demon«

129 3429 222 3508 strata
234 3432 317 3510 sunt,
327 3431 477 3502 obtinent
487 3431 548 3503 ubi
561 3428 679 3523 sphaera
694 3430 849 3503 attrahens
864 3431 980 3504 formae
995 3443 1030 3506 &
1044 3461 1118 3525 coo:

129 3528 261 3631 plitionis
275 3528 419 3617 'cujusvis
438 3529 502 3616 jam
519 3528 683 3625 descripte
700 3532 823 3607 locatur
840 3532 872 3600 in
885 3531 1060 3621 umbilico.
1087 3564 1105 3619 .··'

178 3631 278 3696 Coroll.
294 3627 364 3719 (9.)
391 3631 446 3698 Ut
459 3627 565 3697 &ubi
576 3631 724 3722 gyrantia
736 3629 805 3700 sunt
820 3625 1060 3724 etiam-sphaerae
1073 3652 1116 3703 ao·

112 3719 282 3801 trahentes
297 3723 488 3795 conditionis
508 3722 732 3815 cujusvinjarn
754 3724 944 3820 descripto:
972 3724 1039 3798 hoc
1063 3726 1116 3807 est,

52 3824 55 3828 ’
128 3824 183 3900 'atet
197 3819 229 3888 in
242 3820 425 3901 universum
445 3819 672 3918 homogeneae3
700 3845 755 3896 aut
779 3822 887 3897 saltem
904 3823 938 3893 in
958 3823 1115 3903 iisdemb

126 3917 236 4015 §totto
254 3908 408 3989 distantiis
426 3915 619 4015 bonte””'·‘·
911 3926 915 3934 ’
1015 3927 1074 3994 LI.
1083 3921 1110 3996 Si
