2484 4366
262 142 965 258 airrsrco-irrArrrrMArrcae.
1012 278 1017 286 ι
1059 211 1129 283 34,

123 333 158 371 -“
182 317 544 396 bricus&incertushic
554 325 693 392 Cometa
705 319 877 416 Catalogo,
890 315 1124 417 quemdamus,

134 431 165 466 “·
183 418 272 492 inseri
303 442 473 494 mereatur.
535 416 624 490 Dein
655 424 791 489 Cometa
823 419 911 488 Anni
941 425 1027 513 1472
1053 443 1127 491 om·

121 527 159 565 -“
183 519 274 589 nium
293 516 509 591 velociffimus
529 543 575 589 ac·
590 519 681 588 terris
703 517 869 614 proximus
891 517 1126 612 Regiomonta-

119 625 156 663 -“
180 639 259 688 num
286 613 399 688 habuit
423 615 687 688 observatorem.
744 615 813 684 Hic
840 612 1061 709 magnitudine
1087 638 1124 685 ac

128 722 154 758 ‘⁸
181 717 287 784 Coma
310 714 470 794 terribilis,
495 713 588 785 unius
604 711 670 785 diei
681 711 780 809 spatio
794 734 842 806 40
857 707 975 808 gradus
989 710 1047 782 sub
1059 713 1123 783 cir·

108 818 153 855 “‘
177 812 256 881 culo
276 813 352 883 coeli
374 812 516 882 maximo
536 810 675 882 emensus
695 807 754 897 est.
781 832 817 879 ac
838 809 984 879 omnium
1001 809 1124 904 primus

129 917 154 951 “
179 905 226 978 est
236 906 277 979 de
290 932 359 1002 quo
371 908 534 981 observata
546 903 659 979 idonea
678 904 717 978 ad
732 930 788 977 nos
801 926 984 1002 pervenere.
1009 911 1121 996 Qiot·

86 1040 91 1049 ⁴
130 1014 155 1049 “
179 1025 261 1099 quot
280 1027 387 1077 autem
409 1011 562 1077 Cometas
586 1003 837 1082 considerarunt,
862 1002 964 1096 usque
980 999 1021 1076 ad
1037 1024 1122 1076 tem·

126 1111 151 1146 ‘⁶
175 1124 252 1197 pora
270 1101 444 1200 Tychonis
463 1100 578 1182 Brahe,
604 1104 711 1200 magni
732 1102 817 1173 illius
832 1098 1049 1172 Astronomiae
1067 1125 1121 1172 re·

91 1240 93 1245 v
125 1208 151 1243 “
176 1197 365 1280 stauratoris,
391 1226 444 1273 eos
463 1200 642 1272 sublunares
656 1195 716 1270 esse
731 1217 947 1277 autumarunt,
972 1197 1117 1292 adeoque

126 1306 150 1340 “
175 1300 263 1393 parvi
272 1295 582 1396 penderunt,utpote
594 1322 653 1395 pro
661 1296 845 1393 Vaporibus
857 1291 992 1366 habitos.
1021 1299 1119 1367 Anno

123 1402 152 1453 -“
177 1415 282 1466 autem
316 1417 416 1491 1577.
450 1394 632 1494 (Tychone
653 1393 716 1486 jam
733 1390 842 1465 studio
862 1389 1018 1464 astrorum
1037 1392 1120 1466 serio

126 1501 152 1535 “
176 1492 391 1574 incumbente,
417 1493 671 1591 comparatisque
685 1489 849 1563 Machinis
868 1489 1050 1587 ingentibus
1062 1515 1121 1587 pro

124 1599 149 1634 “
175 1587 380 1662 dimetiendis
393 1593 469 1663 coeli
485 1591 619 1662 arcubus
634 1589 748 1680 majori
763 1613 838 1659 cum
851 1612 926 1658 cura
941 1593 975 1658 &
984 1590 1136 1660 certitu--

127 1696 151 1730 “
176 1685 251 1758 dine
269 1712 367 1780 quam
388 1690 561 1760 Veteribus
581 1687 698 1785 sperare
719 1685 764 1757 sas
783 1695 866 1773 erat)
893 1681 1034 1756 Emersit
1047 1690 1119 1756 Co·

125 1794 150 1829 “
176 1806 259 1855 meta
270 1783 339 1856 satis
352 1780 537 1884 'conspicuus
543 1812 553 1867 ;
582 1787 636 1856 cui
650 1780 847 1855 observando
859 1779 984 1875 strenue
996 1780 1055 1852 sese
1064 1807 1118 1854 ac-

125 1891 150 1926 “
175 1884 278 1953 cinxit
298 1880 443 1980 Tycho;
471 1882 643 1976 multisque
674 1888 708 1950 &
731 1877 805 1951 fidis
820 1879 1044 1975 experimentis
1057 1875 1115 1951 de·

124 1977 342 2074 “prehendit
369 1981 467 2058 nulli,
499 2005 574 2074 quae
595 1979 778 2058 sentiretur,
812 1977 964 2048 Parallaxi
989 1974 1115 2048 diurnae

120 2084 148 2120 ⁴‘
174 2075 352 2149 obnoxium
376 2073 497 2159 fuisse;
531 2075 675 2168 adeoque
696 2099 759 2146 non
782 2095 905 2146 tantum
929 2097 991 2143 non
1019 2070 1115 2146 fuisse

88 2216 93 2225 =
124 2178 336 2269 “Vaporem
366 2199 504 2254 aereum,
538 2170 590 2244 sed
616 2175 763 2264 &etiam
792 2173 898 2243 multo
917 2169 1114 2267 superiorem

120 2280 145 2320 ‘⁶
170 2267 281 2343 extisse
304 2277 418 2343 Luna:
452 2274 520 2342 imo
543 2269 624 2343 nihil
648 2269 793 2341 obstabat
817 2271 898 2363 quin
925 2269 1007 2340 inter
1031 2267 1115 2355 ipsos

120 2379 145 2413 “
172 2370 308 2440 Planetas
327 2369 537 2441 collocaretur
544 2395 554 2451 3
582 2367 699 2440 frustra
716 2370 843 2439 interim
864 2386 974 2438 contra
991 2364 1115 2438 obstre-

120 2477 144 2517 “
168 2467 315 2562 pentibus
335 2463 603 2538 Scholasticorum
621 2467 790 2537 nonnullis.

170 2577 195 2611 “
221 2561 395 2662 Tychonis
413 2587 492 2634 vero
509 2566 661 2635 eximiam
689 2564 721 2634 in
746 2557 944 2634 observando
957 2556 1112 2642 industri-

117 2672 141 2712 “
168 2687 216 2730 am
235 2664 362 2757 excepit
382 2663 513 2755 Kepleri
538 2657 768 2827 sapacissrmum
796 2667 830 2730 &
853 2683 930 2754 pene
957 2654 1109 2731 divinum

116 2767 142 2801 “
168 2759 342 2854 ingenium.
391 2760 461 2829 Hic
481 2763 561 2858 Tyc
586 2760 656 2830 onis
673 2757 833 2828 laboribus
852 2754 966 2835 fretus,
993 2761 1026 2825 &
1042 2759 1106 2851 Sy.

115 2865 140 2900 “
166 2852 262 2926 stema
281 2852 405 2928 Mundi
422 2880 534 2928 verum
547 2863 580 2926 &
600 2853 777 2948 Physrcum
798 2853 972 2933 adinvenit,
998 2877 1033 2922 ac
1045 2852 1105 2923 sci·

115 2955 281 3026 “entiam
309 2950 567 3024 Astronomicam
589 2957 619 3024 in
641 2951 829 3024 immensum
848 2951 951 3022 auxit.
1002 2953 1106 3022 Mon.

115 3059 140 3095 “
164 3048 261 3121 strato
276 3047 396 3121 scilicet
411 3053 547 3122 Planetas
567 3074 674 3120 omnes
690 3051 721 3120 in
738 3050 832 3146 planis
845 3073 901 3145 per
920 3047 1000 3119 Solis
1016 3051 1106 3118 Cen-

114 3157 139 3192 “
164 3169 251 3219 trum
265 3146 492 3219 transeuntibus
506 3149 643 3227 revolvi,
669 3145 857 3240 Curvasque
866 3146 1030 3239 Ellipticas
1044 3141 1103 3214 de·

115 3254 139 3293 “
164 3244 315 3326 scribere3
343 3269 380 3316 ea
403 3247 484 3342 lege,
505 3266 542 3315 ut
559 3251 653 3315 Areae
677 3247 844 3316 Sestorum
870 3242 1103 3336 Ellipticorum

115 3351 140 3386 “
165 3339 204 3412 ad
227 3345 385 3414 Centrum
407 3344 487 3414 Solis
509 3345 539 3413 in
563 3342 719 3437 Ellipseus
736 3341 815 3412 foco
832 3338 1000 3410 constituti
1016 3359 1101 3409 tem·

114 3449 138 3483 “
162 3439 305 3534 poribus,
330 3440 449 3532 quibus
465 3439 683 3511 describantur
705 3464 806 3518 arcus,
831 3437 951 3530 semper
968 3460 1102 3532 propor·
1163 3459 1165 3465 ’

113 3547 137 3590 “
162 3537 291 3606 tionales
309 3532 380 3608 sint.
432 3539 560 3608 Invenit
575 3540 671 3608 etiam
689 3535 861 3608 Distantias
875 3533 1121 3617 Planetarumd,
1228 3581 1232 3590 ι

112 3646 137 3681 “
164 3637 234 3718 Sole
247 3630 307 3702 esse
326 3634 356 3703 in
369 3632 566 3728 sesquialtera
581 3636 700 3705 ratione
725 3655 906 3728 temporum
918 3628 1101 3724 periodlco·
1160 3660 1169 3683 ⁴

111 3742 138 3788 ‘t
163 3732 254 3811 rum³;
282 3725 1102 3809 srveCubosDistantiarumessethuadrataTem-

117 3839 141 3890 ‘5
165 3851 293 3928 porum,
319 3832 429 3912 Tanto
440 3849 552 3902 autem
560 3829 677 3902 artifici
692 3825 834 3900 effulsere
852 3825 921 3900 duo
930 3832 1100 3907 Cometen

537 3980 552 4051 5
654 3931 725 4032 Zr
966 3937 993 4018 .“
1017 3944 1104 4027 <1¹10-
