2484 4366
117 179 189 308 ³48
268 242 273 251 -
403 195 848 274 rambrcrronrrs

35 314 38 319 λ
144 337 285 436 Regula
298 330 396 407 seule
463 352 572 404 motus
582 329 652 403 sunt
666 357 684 405 a
697 332 859 430 prioribus
869 320 959 432 plane
974 309 1136 418 diverses·

142 460 222 530 quas
249 436 357 527 itaque
397 427 513 525 eorslm
545 430 677 502 tradate
709 435 747 500 δι
774 455 932 528 exponere
955 432 1136 531 oportebit.

142 537 236 606 Cum
259 550 366 604 autem
384 552 558 626 corporum
578 522 696 600 borum
716 526 905 609 collisrones‚
927 527 1138 626 phaenomena

142 637 180 703 ἃ
210 624 396 702 difficiliora
427 633 461 698 δι
488 623 657 723 insigniora
681 622 852 698 exhibeant
864 651 875 709 ς
909 632 943 698 &
966 653 1044 700 cum
1070 629 1137 701 Vir

142 726 288 799 summus
306 728 364 799 Cl.
383 725 557 822 Hugenius
573 721 696 794 easdem
714 726 852 796 tradiatu
874 726 1030 822 peculiari
1046 722 1136 825 post·

142 823 249 916 humo
263 844 420 922 exponere
437 828 472 892 δε
490 818 704 893 demonstrare
728 817 884 919 aggressus
897 818 951 902 fit,
967 846 1074 918 neque

126 944 219 995 'men
238 918 303 992 fine
325 920 446 1018 magnis
466 918 652 1016 ambagibus
680 920 839 1016 longsque
863 921 1023 993 rationum
1039 927 1076 993 δι

122 1036 298 1119 ‘guramm
312 1040 513 1115 pompa‚·pro
526 1018 736 1109 antiquorum
752 1020 1005 1090 Geometrarum
1023 1041 1132 1099 more,⁴

18 1153 22 1160 ·
125 1114 326 1196 absolverit,
354 1113 451 1187 Libet
463 1110 680 1186 Elasticorum
697 1119 886 1212 Corporum
901 1119 1005 1212 Leges
1023 1136 1134 1188 motus

16 1544 17 1548 =
143 1500 259 1576 barum
272 1496 384 1602 legum
400 1502 627 1576 certinadinem
649 1504 859 1601 &originem
884 1527 905 1601 p

122 1210 317 1287 ¹sectandum
336 1206 486 1312 Hugenii
508 1209 654 1284 ordinem
671 1209 809 1292 tradere,
834 1218 869 1282 δε
895 1210 1037 1303 ejusdem
1056 1235 1133 1310 pro·

142 1308 315 1409 positiones
327 1306 462 1409 singulas
485 1309 640 1389 breviori,
665 1317 712 1390 n,
735 1311 769 1380 ni
788 1308 893 1391 fallor,
917 1311 1020 1408 magis
1038 1328 1133 1383 natu··

122 1402 210 1480 -r'alr
221 1400 380 1480 methodo
405 1404 647 1481 demonstrare:
685 1410 730 1479 ita
755 1428 800 1479 ut.
811 1407 865 1478 vel
891 1402 1133 1574 ipsrfiTymnes

981 1528 1054 1576 cam
1075 1506 1135 1576 ali·‘

121 1621 301 1695 quatenus
318 1602 505 1700 intelligant.
554 1598 636 1674 Esto
651 1602 760 1694 itaque
781 1529 968 1699 Corporulb
990 1600 1132 1701 perfode

142 1695 360 1772 Ehsticorum
380 1703 452 1771 Lex
468 1719 577 1773 motus
597 1700 751 1796 prima&
785 1699 923 1770 eneralis.
1127 1769 1132 1785 f

194 1802 290 1894 (13.)
315 1799 355 1869 'si
377 1799 519 1896 Corpori
543 1794 685 1896 perfesle
705 1820 722 1868 e
780 1797 833 1866 ico
852 1793 1030 1890 quiescenti
1042 1790 1134 1868 aliud

121 1926 126 1935 ¹
143 1898 265 1993 aequale
283 1919 400 1993 corpus
422 1915 583 1974 occurrat,
607 1891 680 1990 post
703 1893 889 1965 contessum
909 1889 974 1964 hoc
994 1891 1131 1986 quidem

141 1991 309 2087 quiescet3
335 1991 509 2086 quiescenti
532 1989 614 2063 verb
636 1994 820 2084 acquiretur
835 1987 945 2062 eadem
968 2015 1044 2082 quae
1062 1989 1130 2063 suit

120 2130 123 2139 ·
141 2090 176 2161 in
192 2090 373 2185 impellente
387 2091 540 2161 celeritas.
588 2092 717 2185 Corpus
737 2086 823 2159 enim
842 2088 1003 2184 impellens
1022 2087 1134 2160 motris'

119 2217 124 2231 ·
141 2183 190 2255 sui
203 2183 358 2256 semissem
379 2182 518 2284 impulsu
542 2182 679 2266 directo,
705 2184 821 2279 absque
841 2185 961 2256 elaterii
984 2183 1133 2257 confide-

141 2280 275 2362 mnae,
297 2282 472 2375 quiescenti
491 2308 534 2354 ex
552 2283 659 2353 motais
680 2285 750 2381 lege
771 2294 820 2360 6³,
844 2283 1097 2354 communicabit
1115 2296 1127 2353 ε’

118 2400 121 2407 ·
142 2385 187 2450 bc
200 2382 266 2476 pari
287 2402 363 2452 cum
380 2377 496 2452 eodem
515 2376 603 2476 passu
618 2379 763 2453 incedere
780 2379 929 2474 incipiet3
956 2385 1130 2477 &propter

118 2498 122 2505 ·
140 2476 306 2554 elaterium
324 2477 360 2548 vi
372 2477 617 2550 communicata
635 2498 702 2574 par,
726 2497 835 2548 motus
858 2472 1012 2548 semissem
1030 2479 1132 2555 alium

140 2569 248 2656 eidem
267 2575 540 2656 communicabitt
572 2571 657 2646 unde
680 2596 789 2647 motus
810 2575 843 2645 in
861 2575 1023 2671 integrum
1037 2576 1133 2648 com-²

95 2672 323 2744 ··municatus
342 2674 403 2745 erit
423 2672 537 2745 'motui
557 2671 746 2768 impellentis
768 2671 869 2770 priori
891 2673 1033 2764 aequalis.
1066 2676 1131 2744 'Et

118 2798 123 2809 ·
140 2791 220 2841 cum
230 2765 391 2842 necessum
408 2763 448 2841 lit
465 2790 504 2841 ut
520 2789 676 2864 quantum
689 2770 866 2868 impingens
875 2788 931 2842 aut
939 2765 1063 2865 agendo
1071 2771 1133 2839 aut

139 2865 310 2963 reagendo,
334 2864 466 2948 hocest,
484 2887 540 2939 aut
559 2890 651 2938 mero
670 2863 822 2964 impulsu,
847 2888 902 2938 aut
911 2867 946 2938 vi
958 2864 1083 2939 elastica
1095 2867 1132 2938 in

139 2962 301 3054 quiescens
312 2963 609 3038 tramfcmttantum
621 2959 663 3034 de
683 2986 777 3037 motu
790 2963 847 3035 suo
860 2965 999 3044 amittat.
1022 2963 1134 3057 equis

138 3078 197 3130 tur
214 3083 329 3156 corpus
348 3062 509 3157 impellens
518 3055 628 3132 amisso
636 3081 730 3133 motu
744 3061 802 3133 suo
813 3059 1012 3157 progreffivo
1022 3059 1129 3155 quies-

135 3180 211 3228 cere
224 3153 354 3237 debere,
362 3155 563 3255 dumcorpus
570 3155 731 3251 quiescens
744 3178 873 3230 motum
881 3159 1128 3231 illiuslucretur.

189 3254 293 3324 Caroli.
314 3259 386 3344 (1.)
438 3257 471 3328 Si
498 3261 626 3352 Corpus
655 3255 813 3347 majusin
845 3257 947 3328 minus
968 3257 1127 3336 incarne,

133 3372 203 3421 non
218 3350 361 3442 quiescet
374 3352 473 3449 prius,
498 3349 552 3424 sed
563 3351 771 3425 solummodb
783 3350 903 3425 tardius
916 3352 1103 3426 movebitur
1111 3370 1129 3436 32·

116 3498 122 3507 -
137 3454 173 3518 &
184 3447 344 3541 quiescens
356 3448 509 3539 majorem
522 3451 725 3521 velocitatem
737 3448 884 3543 quidem,
898 3448 956 3532 sed
966 3453 1126 3524 minorem

116 3596 120 3605 .
138 3543 1132 3645 monisquantitatem.quamirrimpellentefueratriucrabinr.

163 3699 167 3706 .
188 3646 288 3714 Caroll.
300 3649 372 3733 (2.)
413 3646 447 3716 Si
474 3668 591 3742 corpus
610 3646 716 3727 minus
736 3647 769 3718 in
782 3643 1130 3736 majusincurratnon'

113 3783 119 3790 -
138 3739 281 3831 quiescet
303 3744 403 3839 prius,
426 3739 480 3814 sed
497 3737 716 3838 regredietnrt
742 3749 777 3813 δι
794 3741 958 3836 quiescens
967 3743 1130 3829 mitiorem

115 3888 118 3898 .
137 3836 344 3909 velocitatem
361 3835 517 3930 quideme
544 3834 767 3928 seduiaibrem
781 3838 890 3933 motin
901 3842 1128 3934 quantitatem,

118 3930 787 4040 ·quaminimpellentesuerat‚·lucrabitiar.
1024 3938 1127 4009 aral
