<?xml version="1.0" encoding="UTF-8"?>
<!DOCTYPE html PUBLIC "-//W3C//DTD XHTML 1.0 Transitional//EN"
    "http://www.w3.org/TR/xhtml1/DTD/xhtml1-transitional.dtd">
<html xmlns="http://www.w3.org/1999/xhtml" xml:lang="en" lang="en">
 <head>
  <title>
</title>
<meta http-equiv="Content-Type" content="text/html;charset=utf-8" />
  <meta name='ocr-system' content='tesseract 3.04.00' />
  <meta name='ocr-capabilities' content='ocr_page ocr_carea ocr_par ocr_line ocrx_word'/>
</head>
<body>
  <div class='ocr_page' id='page_1' title='image "./praelectionesph01whisgoog/praelectionesph01whisgoog_0130.png"; bbox 0 0 2484 4366; ppageno 0'>
   <div class='ocr_carea' id='block_1_1' title="bbox 242 228 1092 330">
    <p class='ocr_par' dir='ltr' id='par_1_1' title="bbox 242 228 1092 330">
     <span class='ocr_line' id='line_1_1' title="bbox 242 228 1092 330; baseline 0.006 -30"><span class='ocrx_word' id='word_1_1' title='bbox 242 228 926 327; x_wconf 71' lang='lat' dir='ltr'><em>PHYSICO·MATHEMATIQAE‚.</em></span> <span class='ocrx_word' id='word_1_2' title='bbox 1027 257 1092 330; x_wconf 76' lang='grc' dir='ltr'>1ιη</span> 
     </span>
    </p>
   </div>
   <div class='ocr_carea' id='block_1_2' title="bbox 95 442 1092 703">
    <p class='ocr_par' dir='ltr' id='par_1_2' title="bbox 95 442 1092 703">
     <span class='ocr_line' id='line_1_2' title="bbox 561 442 645 510; baseline -0.012 0"><span class='ocrx_word' id='word_1_3' title='bbox 561 442 645 510; x_wconf 88' lang='grc' dir='ltr'>ΧΠ.</span> 
     </span>
     <span class='ocr_line' id='line_1_3' title="bbox 95 541 1092 703; baseline 0.002 -33"><span class='ocrx_word' id='word_1_4' title='bbox 95 541 264 671; x_wconf 75' lang='lat' dir='ltr'>Lem</span> <span class='ocrx_word' id='word_1_5' title='bbox 281 588 335 672; x_wconf 86' lang='lat' dir='ltr'>ad</span> <span class='ocrx_word' id='word_1_6' title='bbox 353 587 648 701; x_wconf 77' lang='lat' dir='ltr'>Propefitionem</span> <span class='ocrx_word' id='word_1_7' title='bbox 678 588 780 699; x_wconf 75' lang='lat'>(9¹³¹)</span> <span class='ocrx_word' id='word_1_8' title='bbox 811 587 859 680; x_wconf 65' lang='grc' dir='ltr'><strong>ό</strong></span> <span class='ocrx_word' id='word_1_9' title='bbox 876 590 1092 703; x_wconf 81' lang='lat' dir='ltr'><em>sequentes.</em></span> 
     </span>
    </p>
   </div>
   <div class='ocr_carea' id='block_1_3' title="bbox 96 779 1118 3993">
    <p class='ocr_par' dir='ltr' id='par_1_3' title="bbox 96 779 1118 3301">
     <span class='ocr_line' id='line_1_4' title="bbox 100 779 1094 949; baseline 0.002 -99"><span class='ocrx_word' id='word_1_10' title='bbox 100 781 327 949; x_wconf 67' lang='lat' dir='ltr'>Corvo</span> <span class='ocrx_word' id='word_1_11' title='bbox 339 802 436 851; x_wconf 79' lang='lat' dir='ltr'>uum</span> <span class='ocrx_word' id='word_1_12' title='bbox 457 781 489 850; x_wconf 94' lang='lat' dir='ltr'>in</span> <span class='ocrx_word' id='word_1_13' title='bbox 508 779 634 852; x_wconf 86' lang='lat' dir='ltr'>circulis</span> <span class='ocrx_word' id='word_1_14' title='bbox 659 780 847 876; x_wconf 88' lang='lat' dir='ltr'>gyrantium</span> <span class='ocrx_word' id='word_1_15' title='bbox 867 780 951 850; x_wconf 85' lang='lat' dir='ltr'>vires</span> <span class='ocrx_word' id='word_1_16' title='bbox 977 783 1094 852; x_wconf 86' lang='lat' dir='ltr'>centri·</span> 
     </span>
     <span class='ocr_line' id='line_1_5' title="bbox 210 873 1094 974; baseline 0.003 -28"><span class='ocrx_word' id='word_1_17' title='bbox 210 896 294 972; x_wconf 87' lang='lat' dir='ltr'>petae</span> <span class='ocrx_word' id='word_1_18' title='bbox 308 877 405 948; x_wconf 80' lang='lat' dir='ltr'>causa</span> <span class='ocrx_word' id='word_1_19' title='bbox 419 874 544 974; x_wconf 81' lang='lat' dir='ltr'>duplici</span> <span class='ocrx_word' id='word_1_20' title='bbox 557 874 630 949; x_wconf 86' lang='lat' dir='ltr'>&#39;sunt</span> <span class='ocrx_word' id='word_1_21' title='bbox 643 898 779 973; x_wconf 79' lang='lat' dir='ltr'>accepta</span> <span class='ocrx_word' id='word_1_22' title='bbox 795 873 978 956; x_wconf 80' lang='lat' dir='ltr'>referenda,</span> <span class='ocrx_word' id='word_1_23' title='bbox 998 879 1094 949; x_wconf 90' lang='lat' dir='ltr'>nimi·</span> 
     </span>
     <span class='ocr_line' id='line_1_6' title="bbox 96 969 1093 1071; baseline 0.004 -28"><span class='ocrx_word' id='word_1_24' title='bbox 96 997 175 1044; x_wconf 87' lang='lat' dir='ltr'>rutn</span> <span class='ocrx_word' id='word_1_25' title='bbox 195 996 330 1043; x_wconf 87' lang='lat' dir='ltr'>arcuum</span> <span class='ocrx_word' id='word_1_26' title='bbox 343 969 437 1045; x_wconf 86' lang='lat' dir='ltr'>fimul</span> <span class='ocrx_word' id='word_1_27' title='bbox 444 971 676 1071; x_wconf 84' lang='lat' dir='ltr'>descriptorum</span> <span class='ocrx_word' id='word_1_28' title='bbox 685 993 877 1065; x_wconf 70' lang='lat' dir='ltr'>curvatura,</span> <span class='ocrx_word' id='word_1_29' title='bbox 893 979 1093 1055; x_wconf 85' lang='lat' dir='ltr'>&amp;motuum</span> 
     </span>
     <span class='ocr_line' id='line_1_7' title="bbox 98 1068 1092 1167; baseline 0.005 -27"><span class='ocrx_word' id='word_1_30' title='bbox 98 1093 159 1166; x_wconf 86' lang='lat' dir='ltr'>per</span> <span class='ocrx_word' id='word_1_31' title='bbox 176 1068 308 1141; x_wconf 91' lang='lat' dir='ltr'>eandem</span> <span class='ocrx_word' id='word_1_32' title='bbox 322 1093 525 1144; x_wconf 82' lang='lat' dir='ltr'>curvaturam</span> <span class='ocrx_word' id='word_1_33' title='bbox 539 1073 715 1152; x_wconf 78' lang='lat' dir='ltr'>velocitati,</span> <span class='ocrx_word' id='word_1_34' title='bbox 744 1071 914 1153; x_wconf 84' lang='lat' dir='ltr'><strong>Nimirum</strong></span> <span class='ocrx_word' id='word_1_35' title='bbox 930 1081 1007 1167; x_wconf 85' lang='lat' dir='ltr'>cum</span> <span class='ocrx_word' id='word_1_36' title='bbox 1018 1099 1092 1157; x_wconf 86' lang='lat' dir='ltr'>om-</span> 
     </span>
     <span class='ocr_line' id='line_1_8' title="bbox 99 1164 1093 1265; baseline 0.004 -28"><span class='ocrx_word' id='word_1_37' title='bbox 99 1168 152 1237; x_wconf 83' lang='lat' dir='ltr'>nis</span> <span class='ocrx_word' id='word_1_38' title='bbox 165 1187 272 1238; x_wconf 88' lang='lat' dir='ltr'>motus</span> <span class='ocrx_word' id='word_1_39' title='bbox 291 1164 331 1238; x_wconf 85' lang='lat' dir='ltr'>fit</span> <span class='ocrx_word' id='word_1_40' title='bbox 355 1190 410 1265; x_wconf 90' lang='lat' dir='ltr'>per</span> <span class='ocrx_word' id='word_1_41' title='bbox 429 1170 459 1239; x_wconf 89' lang='lat' dir='ltr'>se</span> <span class='ocrx_word' id='word_1_42' title='bbox 474 1169 685 1253; x_wconf 64' lang='lat' dir='ltr'>redilinearin</span> <span class='ocrx_word' id='word_1_43' title='bbox 712 1174 746 1238; x_wconf 81' lang='lat' dir='ltr'>dt</span> <span class='ocrx_word' id='word_1_44' title='bbox 770 1191 903 1264; x_wconf 88' lang='lat' dir='ltr'>corpora</span> <span class='ocrx_word' id='word_1_45' title='bbox 921 1191 977 1263; x_wconf 89' lang='lat' dir='ltr'>per</span> <span class='ocrx_word' id='word_1_46' title='bbox 996 1169 1093 1241; x_wconf 83' lang='lat' dir='ltr'>solam</span> 
     </span>
     <span class='ocr_line' id='line_1_9' title="bbox 100 1262 1085 1364; baseline 0.004 -32"><span class='ocrx_word' id='word_1_47' title='bbox 100 1265 173 1339; x_wconf 87' lang='lat' dir='ltr'>vim</span> <span class='ocrx_word' id='word_1_48' title='bbox 190 1283 369 1336; x_wconf 76' lang='lat' dir='ltr'>extraneam</span> <span class='ocrx_word' id='word_1_49' title='bbox 387 1268 593 1364; x_wconf 84' lang='lat' dir='ltr'>centripetam</span> <span class='ocrx_word' id='word_1_50' title='bbox 607 1262 780 1338; x_wconf 83' lang='lat' dir='ltr'>secundmn</span> <span class='ocrx_word' id='word_1_51' title='bbox 790 1288 876 1345; x_wconf 80' lang='lat' dir='ltr'>arcus</span> <span class='ocrx_word' id='word_1_52' title='bbox 889 1288 1006 1336; x_wconf 80' lang='lat' dir='ltr'>curvos</span> <span class='ocrx_word' id='word_1_53' title='bbox 1020 1263 1085 1359; x_wconf 55' lang='lat' dir='ltr'>cirss</span> 
     </span>
     <span class='ocr_line' id='line_1_10' title="bbox 101 1358 1094 1458; baseline 0.004 -28"><span class='ocrx_word' id='word_1_54' title='bbox 101 1358 224 1434; x_wconf 82' lang='lat' dir='ltr'>culares</span> <span class='ocrx_word' id='word_1_55' title='bbox 237 1362 314 1433; x_wconf 90' lang='lat' dir='ltr'>cieri</span> <span class='ocrx_word' id='word_1_56' title='bbox 335 1359 462 1458; x_wconf 86' lang='lat' dir='ltr'>poffint‚</span> <span class='ocrx_word' id='word_1_57' title='bbox 479 1388 608 1457; x_wconf 86' lang='lat' dir='ltr'>aequum</span> <span class='ocrx_word' id='word_1_58' title='bbox 622 1362 668 1435; x_wconf 88' lang='lat' dir='ltr'>est</span> <span class='ocrx_word' id='word_1_59' title='bbox 688 1385 726 1435; x_wconf 88' lang='lat' dir='ltr'>ut</span> <span class='ocrx_word' id='word_1_60' title='bbox 743 1360 814 1435; x_wconf 90' lang='lat' dir='ltr'>data</span> <span class='ocrx_word' id='word_1_61' title='bbox 833 1361 1001 1434; x_wconf 88' lang='lat' dir='ltr'>velocitate</span> <span class='ocrx_word' id='word_1_62' title='bbox 1019 1386 1094 1443; x_wconf 58' lang='lat' dir='ltr'>curn</span> 
     </span>
     <span class='ocr_line' id='line_1_11' title="bbox 102 1456 1093 1559; baseline 0.005 -32"><span class='ocrx_word' id='word_1_63' title='bbox 102 1477 250 1530; x_wconf 87' lang='lat' dir='ltr'>vaturam</span> <span class='ocrx_word' id='word_1_64' title='bbox 270 1459 288 1529; x_wconf 69' lang='lat' dir='ltr'>a</span> <span class='ocrx_word' id='word_1_65' title='bbox 306 1460 341 1530; x_wconf 92' lang='lat' dir='ltr'>vi</span> <span class='ocrx_word' id='word_1_66' title='bbox 361 1458 422 1530; x_wconf 88' lang='lat' dir='ltr'>sola</span> <span class='ocrx_word' id='word_1_67' title='bbox 446 1463 616 1558; x_wconf 87' lang='lat' dir='ltr'>centripeta</span> <span class='ocrx_word' id='word_1_68' title='bbox 635 1463 775 1559; x_wconf 87' lang='lat' dir='ltr'>genitam</span> <span class='ocrx_word' id='word_1_69' title='bbox 797 1456 902 1531; x_wconf 86' lang='lat' dir='ltr'>eidem</span> <span class='ocrx_word' id='word_1_70' title='bbox 920 1461 956 1531; x_wconf 90' lang='lat' dir='ltr'>vi</span> <span class='ocrx_word' id='word_1_71' title='bbox 974 1461 1093 1532; x_wconf 88' lang='lat' dir='ltr'>centri·</span> 
     </span>
     <span class='ocr_line' id='line_1_12' title="bbox 104 1553 1092 1662; baseline 0.003 -36"><span class='ocrx_word' id='word_1_72' title='bbox 104 1575 185 1662; x_wconf 81' lang='lat' dir='ltr'>petat</span> <span class='ocrx_word' id='word_1_73' title='bbox 205 1557 471 1653; x_wconf 79' lang='lat' dir='ltr'>proportionalem</span> <span class='ocrx_word' id='word_1_74' title='bbox 491 1556 673 1630; x_wconf 87' lang='lat' dir='ltr'>statuamus.</span> <span class='ocrx_word' id='word_1_75' title='bbox 722 1553 860 1628; x_wconf 90' lang='lat' dir='ltr'>Proinde</span> <span class='ocrx_word' id='word_1_76' title='bbox 880 1580 1009 1628; x_wconf 78' lang='lat' dir='ltr'>tumeo</span> <span class='ocrx_word' id='word_1_77' title='bbox 1024 1582 1092 1629; x_wconf 88' lang='lat' dir='ltr'>ma·</span> 
     </span>
     <span class='ocr_line' id='line_1_13' title="bbox 104 1653 1093 1752; baseline 0.005 -31"><span class='ocrx_word' id='word_1_78' title='bbox 104 1675 187 1741; x_wconf 69' lang='lat' dir='ltr'>rores</span> <span class='ocrx_word' id='word_1_79' title='bbox 207 1653 290 1723; x_wconf 88' lang='lat' dir='ltr'>vires</span> <span class='ocrx_word' id='word_1_80' title='bbox 307 1655 487 1751; x_wconf 88' lang='lat' dir='ltr'>centripetae</span> <span class='ocrx_word' id='word_1_81' title='bbox 504 1653 544 1727; x_wconf 92' lang='lat' dir='ltr'>ad</span> <span class='ocrx_word' id='word_1_82' title='bbox 562 1653 692 1732; x_wconf 86' lang='lat' dir='ltr'>eandem</span> <span class='ocrx_word' id='word_1_83' title='bbox 718 1674 921 1726; x_wconf 88' lang='lat' dir='ltr'>curvaturam</span> <span class='ocrx_word' id='word_1_84' title='bbox 942 1679 1093 1752; x_wconf 83' lang='lat' dir='ltr'>generan-</span> 
     </span>
     <span class='ocr_line' id='line_1_14' title="bbox 107 1744 1091 1849; baseline 0.004 -31"><span class='ocrx_word' id='word_1_85' title='bbox 107 1744 180 1819; x_wconf 88' lang='lat' dir='ltr'>dam</span> <span class='ocrx_word' id='word_1_86' title='bbox 198 1750 410 1842; x_wconf 87' lang='lat' dir='ltr'>requirantur,</span> <span class='ocrx_word' id='word_1_87' title='bbox 423 1776 491 1844; x_wconf 92' lang='lat' dir='ltr'>quo</span> <span class='ocrx_word' id='word_1_88' title='bbox 505 1754 656 1824; x_wconf 89' lang='lat' dir='ltr'>velocitas</span> <span class='ocrx_word' id='word_1_89' title='bbox 671 1751 874 1849; x_wconf 66' lang='lat' dir='ltr'>projedionis</span> <span class='ocrx_word' id='word_1_90' title='bbox 896 1748 962 1822; x_wconf 85' lang='lat' dir='ltr'>five</span> <span class='ocrx_word' id='word_1_91' title='bbox 980 1771 1091 1822; x_wconf 88' lang='lat' dir='ltr'>motus</span> 
     </span>
     <span class='ocr_line' id='line_1_15' title="bbox 108 1844 1091 1946; baseline -0.001 -29"><span class='ocrx_word' id='word_1_92' title='bbox 108 1844 270 1938; x_wconf 75' lang='lat' dir='ltr'>aequabilis</span> <span class='ocrx_word' id='word_1_93' title='bbox 293 1849 455 1946; x_wconf 86' lang='lat' dir='ltr'>originarii</span> <span class='ocrx_word' id='word_1_94' title='bbox 477 1847 523 1920; x_wconf 89' lang='lat' dir='ltr'>est</span> <span class='ocrx_word' id='word_1_95' title='bbox 544 1849 657 1941; x_wconf 79' lang='lat' dir='ltr'>major,</span> <span class='ocrx_word' id='word_1_96' title='bbox 683 1873 722 1919; x_wconf 91' lang='lat' dir='ltr'>eo</span> <span class='ocrx_word' id='word_1_97' title='bbox 739 1849 874 1919; x_wconf 86' lang='lat' dir='ltr'>minores</span> <span class='ocrx_word' id='word_1_98' title='bbox 886 1870 955 1938; x_wconf 91' lang='lat' dir='ltr'>quo</span> <span class='ocrx_word' id='word_1_99' title='bbox 975 1849 1091 1938; x_wconf 79' lang='lat' dir='ltr'>minor,</span> 
     </span>
     <span class='ocr_line' id='line_1_16' title="bbox 103 1936 1091 2039; baseline 0.003 -28"><span class='ocrx_word' id='word_1_100' title='bbox 103 1936 236 2034; x_wconf 74' lang='lat' dir='ltr'>&#39;aequum</span> <span class='ocrx_word' id='word_1_101' title='bbox 257 1942 303 2017; x_wconf 86' lang='lat' dir='ltr'>est</span> <span class='ocrx_word' id='word_1_102' title='bbox 329 1947 424 2016; x_wconf 89' lang='lat' dir='ltr'>etiam</span> <span class='ocrx_word' id='word_1_103' title='bbox 449 1966 486 2017; x_wconf 93' lang='lat' dir='ltr'>ut</span> <span class='ocrx_word' id='word_1_104' title='bbox 509 1945 581 2019; x_wconf 90' lang='lat' dir='ltr'>data</span> <span class='ocrx_word' id='word_1_105' title='bbox 601 1967 770 2017; x_wconf 85' lang='lat' dir='ltr'>curvatura</span> <span class='ocrx_word' id='word_1_106' title='bbox 789 1945 859 2015; x_wconf 89' lang='lat' dir='ltr'>vim</span> <span class='ocrx_word' id='word_1_107' title='bbox 874 1942 1091 2039; x_wconf 64' lang='lat' dir='ltr'>centripetam,</span> 
     </span>
     <span class='ocr_line' id='line_1_17' title="bbox 110 2035 1092 2140; baseline 0.006 -35"><span class='ocrx_word' id='word_1_108' title='bbox 110 2035 852 2140; x_wconf 61' lang='lat' dir='ltr'>cidemvelocitatiproportionalemstatuamus„</span> <span class='ocrx_word' id='word_1_109' title='bbox 876 2047 976 2112; x_wconf 91' lang='lat' dir='ltr'>Prout</span> <span class='ocrx_word' id='word_1_110' title='bbox 984 2040 1092 2134; x_wconf 83' lang='lat' dir='ltr'>itaque</span> 
     </span>
     <span class='ocr_line' id='line_1_18' title="bbox 113 2131 1091 2239; baseline 0.005 -34"><span class='ocrx_word' id='word_1_111' title='bbox 113 2131 145 2206; x_wconf 83' lang='lat' dir='ltr'>fit</span> <span class='ocrx_word' id='word_1_112' title='bbox 161 2137 194 2207; x_wconf 89' lang='lat' dir='ltr'>in</span> <span class='ocrx_word' id='word_1_113' title='bbox 208 2138 465 2236; x_wconf 71' lang='lat' dir='ltr'>rectangulorum</span> <span class='ocrx_word' id='word_1_114' title='bbox 487 2141 718 2239; x_wconf 87' lang='lat' dir='ltr'>comparatione</span> <span class='ocrx_word' id='word_1_115' title='bbox 744 2161 782 2212; x_wconf 89' lang='lat' dir='ltr'>ut</span> <span class='ocrx_word' id='word_1_116' title='bbox 802 2137 953 2210; x_wconf 89' lang='lat' dir='ltr'>nimirum</span> <span class='ocrx_word' id='word_1_117' title='bbox 966 2161 1007 2208; x_wconf 88' lang='lat' dir='ltr'>ex</span> <span class='ocrx_word' id='word_1_118' title='bbox 1021 2137 1091 2225; x_wconf 88' lang='lat' dir='ltr'>lon·</span> 
     </span>
     <span class='ocr_line' id='line_1_19' title="bbox 114 2232 1091 2400; baseline 0.003 -95"><span class='ocrx_word' id='word_1_119' title='bbox 114 2232 295 2400; x_wconf 48' lang='lat' dir='ltr'>{tudinum</span> <span class='ocrx_word' id='word_1_120' title='bbox 315 2242 349 2307; x_wconf 70' lang='grc' dir='ltr'>δι</span> <span class='ocrx_word' id='word_1_121' title='bbox 367 2234 574 2309; x_wconf 90' lang='lat' dir='ltr'>latitudinum</span> <span class='ocrx_word' id='word_1_122' title='bbox 588 2236 766 2309; x_wconf 68' lang='lat' dir='ltr'>‘rationibus</span> <span class='ocrx_word' id='word_1_123' title='bbox 786 2234 962 2326; x_wconf 68' lang='lat' dir='ltr'>conjunstis</span> <span class='ocrx_word' id='word_1_124' title='bbox 974 2260 1091 2321; x_wconf 58' lang='lat' dir='ltr'>eorune</span> 
     </span>
     <span class='ocr_line' id='line_1_20' title="bbox 143 2331 1091 2420; baseline 0.004 -18"><span class='ocrx_word' id='word_1_125' title='bbox 143 2355 178 2402; x_wconf 93' lang='lat' dir='ltr'>m</span> <span class='ocrx_word' id='word_1_126' title='bbox 194 2333 329 2405; x_wconf 86' lang='lat' dir='ltr'>rationes</span> <span class='ocrx_word' id='word_1_127' title='bbox 341 2359 426 2405; x_wconf 83' lang='lat' dir='ltr'>veras</span> <span class='ocrx_word' id='word_1_128' title='bbox 441 2331 699 2414; x_wconf 85' lang='lat' dir='ltr'>determinemus,</span> <span class='ocrx_word' id='word_1_129' title='bbox 720 2335 763 2406; x_wconf 87' lang='lat' dir='ltr'>ita</span> <span class='ocrx_word' id='word_1_130' title='bbox 776 2339 809 2403; x_wconf 75' lang='grc' dir='ltr'>δι</span> <span class='ocrx_word' id='word_1_131' title='bbox 823 2335 854 2405; x_wconf 94' lang='lat' dir='ltr'>in</span> <span class='ocrx_word' id='word_1_132' title='bbox 868 2334 987 2404; x_wconf 88' lang='lat' dir='ltr'>virium</span> <span class='ocrx_word' id='word_1_133' title='bbox 1002 2336 1091 2420; x_wconf 68' lang='lat' dir='ltr'>Cen7</span> 
     </span>
     <span class='ocr_line' id='line_1_21' title="bbox 115 2424 1091 2527; baseline 0.003 -29"><span class='ocrx_word' id='word_1_134' title='bbox 115 2427 290 2524; x_wconf 77' lang='lat' dir='ltr'>uipetarum</span> <span class='ocrx_word' id='word_1_135' title='bbox 324 2432 555 2527; x_wconf 87' lang='lat' dir='ltr'>comparatione</span> <span class='ocrx_word' id='word_1_136' title='bbox 587 2434 648 2503; x_wconf 89' lang='lat' dir='ltr'>erit</span> <span class='ocrx_word' id='word_1_137' title='bbox 672 2429 804 2502; x_wconf 81' lang='lat' dir='ltr'>omnino</span> <span class='ocrx_word' id='word_1_138' title='bbox 825 2424 1022 2508; x_wconf 87' lang='lat' dir='ltr'>faciendum,</span> <span class='ocrx_word' id='word_1_139' title='bbox 1052 2450 1091 2520; x_wconf 79' lang='lat' dir='ltr'>ut</span> 
     </span>
     <span class='ocr_line' id='line_1_22' title="bbox 114 2525 1091 2622; baseline 0 -26"><span class='ocrx_word' id='word_1_140' title='bbox 114 2540 215 2622; x_wconf 75' lang='lat' dir='ltr'>nempe</span> <span class='ocrx_word' id='word_1_141' title='bbox 235 2550 276 2596; x_wconf 86' lang='lat' dir='ltr'>ex</span> <span class='ocrx_word' id='word_1_142' title='bbox 292 2549 533 2600; x_wconf 88' lang='lat' dir='ltr'>curvaturarum</span> <span class='ocrx_word' id='word_1_143' title='bbox 546 2535 580 2600; x_wconf 70' lang='grc' dir='ltr'>δι</span> <span class='ocrx_word' id='word_1_144' title='bbox 592 2530 799 2601; x_wconf 89' lang='lat' dir='ltr'>velocitatum</span> <span class='ocrx_word' id='word_1_145' title='bbox 822 2525 995 2598; x_wconf 86' lang='lat' dir='ltr'>rationibus</span> <span class='ocrx_word' id='word_1_146' title='bbox 1010 2528 1091 2616; x_wconf 80' lang='lat' dir='ltr'>inter</span> 
     </span>
     <span class='ocr_line' id='line_1_23' title="bbox 111 2617 1093 2716; baseline 0.005 -28"><span class='ocrx_word' id='word_1_147' title='bbox 111 2617 135 2688; x_wconf 77' lang='lat' dir='ltr'>Ie</span> <span class='ocrx_word' id='word_1_148' title='bbox 154 2622 329 2712; x_wconf 75' lang='lat' dir='ltr'>conjundis</span> <span class='ocrx_word' id='word_1_149' title='bbox 350 2623 520 2696; x_wconf 87' lang='lat' dir='ltr'>earundem</span> <span class='ocrx_word' id='word_1_150' title='bbox 538 2649 624 2697; x_wconf 89' lang='lat' dir='ltr'>veras</span> <span class='ocrx_word' id='word_1_151' title='bbox 635 2628 768 2696; x_wconf 93' lang='lat' dir='ltr'>rationes</span> <span class='ocrx_word' id='word_1_152' title='bbox 780 2623 857 2705; x_wconf 85' lang='lat' dir='ltr'>dato</span> <span class='ocrx_word' id='word_1_153' title='bbox 874 2624 992 2716; x_wconf 88' lang='lat' dir='ltr'>quovis</span> <span class='ocrx_word' id='word_1_154' title='bbox 1006 2619 1093 2710; x_wconf 69' lang='lat' dir='ltr'>tem-‘</span> 
     </span>
     <span class='ocr_line' id='line_1_24' title="bbox 109 2717 1088 2817; baseline 0 -29"><span class='ocrx_word' id='word_1_155' title='bbox 109 2731 182 2806; x_wconf 86' lang='lat' dir='ltr'>pore</span> <span class='ocrx_word' id='word_1_156' title='bbox 198 2717 397 2792; x_wconf 87' lang='lat' dir='ltr'>definiamus.</span> <span class='ocrx_word' id='word_1_157' title='bbox 426 2720 507 2794; x_wconf 87' lang='lat' dir='ltr'>Esto</span> <span class='ocrx_word' id='word_1_158' title='bbox 521 2725 628 2817; x_wconf 89' lang='lat' dir='ltr'>itaque</span> <span class='ocrx_word' id='word_1_159' title='bbox 642 2742 760 2803; x_wconf 88' lang='lat' dir='ltr'>ratum,</span> <span class='ocrx_word' id='word_1_160' title='bbox 773 2718 875 2812; x_wconf 80' lang='lat' dir='ltr'>Qod</span> <span class='ocrx_word' id='word_1_161' title='bbox 885 2720 1005 2816; x_wconf 85' lang='lat' dir='ltr'>virium</span> <span class='ocrx_word' id='word_1_162' title='bbox 1014 2743 1088 2788; x_wconf 87' lang='lat' dir='ltr'>cen-</span> 
     </span>
     <span class='ocr_line' id='line_1_25' title="bbox 107 2815 1090 2916; baseline -0.005 -27"><span class='ocrx_word' id='word_1_163' title='bbox 107 2816 290 2912; x_wconf 70' lang='lat' dir='ltr'>superarum</span> <span class='ocrx_word' id='word_1_164' title='bbox 303 2819 435 2890; x_wconf 87' lang='lat' dir='ltr'>rationes</span> <span class='ocrx_word' id='word_1_165' title='bbox 447 2844 487 2890; x_wconf 86' lang='lat' dir='ltr'>ex</span> <span class='ocrx_word' id='word_1_166' title='bbox 501 2842 738 2892; x_wconf 87' lang='lat' dir='ltr'>curvaturarum</span> <span class='ocrx_word' id='word_1_167' title='bbox 757 2825 791 2888; x_wconf 92' lang='lat'><strong>&amp;</strong></span> <span class='ocrx_word' id='word_1_168' title='bbox 812 2815 1021 2908; x_wconf 79' lang='lat' dir='ltr'>velocitatum</span> <span class='ocrx_word' id='word_1_169' title='bbox 1041 2839 1090 2916; x_wconf 72' lang='lat' dir='ltr'>ra-</span> 
     </span>
     <span class='ocr_line' id='line_1_26' title="bbox 104 2911 1118 3009; baseline -0.002 -25"><span class='ocrx_word' id='word_1_170' title='bbox 104 2911 246 2986; x_wconf 82' lang='lat' dir='ltr'>tionibus</span> <span class='ocrx_word' id='word_1_171' title='bbox 258 2913 432 3006; x_wconf 75' lang='lat' dir='ltr'>conjunctis</span> <span class='ocrx_word' id='word_1_172' title='bbox 448 2916 519 2987; x_wconf 89' lang='lat' dir='ltr'>sunt</span> <span class='ocrx_word' id='word_1_173' title='bbox 536 2916 658 3009; x_wconf 90' lang='lat' dir='ltr'>ubique</span> <span class='ocrx_word' id='word_1_174' title='bbox 678 2911 878 3009; x_wconf 74' lang='lat' dir='ltr'>aestimandae.</span> <span class='ocrx_word' id='word_1_175' title='bbox 1113 2994 1118 3001; x_wconf 25' lang='lat'>¹</span> 
     </span>
     <span class='ocr_line' id='line_1_27' title="bbox 146 3009 1109 3105; baseline 0.001 -25"><span class='ocrx_word' id='word_1_176' title='bbox 146 3009 314 3083; x_wconf 80' lang='lat' dir='ltr'>Scholium.</span> <span class='ocrx_word' id='word_1_177' title='bbox 363 3015 417 3085; x_wconf 92' lang='lat' dir='ltr'>Ut</span> <span class='ocrx_word' id='word_1_178' title='bbox 436 3035 614 3086; x_wconf 81' lang='lat' dir='ltr'>curvatura</span> <span class='ocrx_word' id='word_1_179' title='bbox 635 3013 862 3084; x_wconf 82' lang='lat' dir='ltr'>&amp;velocitatis</span> <span class='ocrx_word' id='word_1_180' title='bbox 886 3032 973 3105; x_wconf 85' lang='lat' dir='ltr'>veras</span> <span class='ocrx_word' id='word_1_181' title='bbox 992 3011 1109 3100; x_wconf 73' lang='lat' dir='ltr'>ratio7‘</span> 
     </span>
     <span class='ocr_line' id='line_1_28' title="bbox 101 3106 1090 3208; baseline -0.002 -29"><span class='ocrx_word' id='word_1_182' title='bbox 101 3109 251 3180; x_wconf 69' lang='lat' dir='ltr'>nesrede</span> <span class='ocrx_word' id='word_1_183' title='bbox 263 3110 483 3208; x_wconf 84' lang='lat' dir='ltr'>intelligamus,</span> <span class='ocrx_word' id='word_1_184' title='bbox 495 3107 741 3182; x_wconf 85' lang='lat' dir='ltr'>Observandum</span> <span class='ocrx_word' id='word_1_185' title='bbox 749 3106 835 3181; x_wconf 87' lang='lat' dir='ltr'>estin</span> <span class='ocrx_word' id='word_1_186' title='bbox 849 3108 971 3208; x_wconf 78' lang='lat' dir='ltr'>angulis</span> <span class='ocrx_word' id='word_1_187' title='bbox 984 3131 1090 3200; x_wconf 78' lang='lat' dir='ltr'>aqua-</span> 
     </span>
     <span class='ocr_line' id='line_1_29' title="bbox 98 3197 1089 3301; baseline -0.003 -26"><span class='ocrx_word' id='word_1_188' title='bbox 98 3197 187 3277; x_wconf 86' lang='lat' dir='ltr'>libus</span> <span class='ocrx_word' id='word_1_189' title='bbox 196 3206 337 3279; x_wconf 86' lang='lat' dir='ltr'>minimis</span> <span class='ocrx_word' id='word_1_190' title='bbox 356 3225 558 3281; x_wconf 85' lang='lat' dir='ltr'>curvaturam</span> <span class='ocrx_word' id='word_1_191' title='bbox 577 3205 639 3280; x_wconf 80' lang='lat' dir='ltr'>eise</span> <span class='ocrx_word' id='word_1_192' title='bbox 666 3207 787 3301; x_wconf 90' lang='lat' dir='ltr'>ubique</span> <span class='ocrx_word' id='word_1_193' title='bbox 814 3200 985 3298; x_wconf 71' lang='lat' dir='ltr'>aqualem</span> <span class='ocrx_word' id='word_1_194' title='bbox 999 3203 1021 3272; x_wconf 82' lang='lat' dir='ltr'>fi</span> <span class='ocrx_word' id='word_1_195' title='bbox 1036 3228 1089 3272; x_wconf 91' lang='lat' dir='ltr'>an·</span> 
     </span>
    </p>

    <p class='ocr_par' dir='ltr' id='par_1_4' title="bbox 98 3297 1089 3993">
     <span class='ocr_line' id='line_1_30' title="bbox 158 3297 1089 3397; baseline -0.01 -22"><span class='ocrx_word' id='word_1_196' title='bbox 158 3327 257 3375; x_wconf 87' lang='lat' dir='ltr'>orum</span> <span class='ocrx_word' id='word_1_197' title='bbox 280 3307 442 3377; x_wconf 75' lang='lat' dir='ltr'>contaetus</span> <span class='ocrx_word' id='word_1_198' title='bbox 466 3304 615 3378; x_wconf 83' lang='lat' dir='ltr'>subtensae</span> <span class='ocrx_word' id='word_1_199' title='bbox 643 3300 702 3375; x_wconf 85' lang='lat' dir='ltr'>fint</span> <span class='ocrx_word' id='word_1_200' title='bbox 728 3305 808 3374; x_wconf 88' lang='lat' dir='ltr'>inter</span> <span class='ocrx_word' id='word_1_201' title='bbox 832 3301 860 3397; x_wconf 80' lang='lat' dir='ltr'>sc</span> <span class='ocrx_word' id='word_1_202' title='bbox 881 3323 918 3373; x_wconf 90' lang='lat' dir='ltr'>ut</span> <span class='ocrx_word' id='word_1_203' title='bbox 941 3297 1022 3370; x_wconf 89' lang='lat' dir='ltr'>radii</span> <span class='ocrx_word' id='word_1_204' title='bbox 1036 3299 1089 3387; x_wconf 81' lang='lat' dir='ltr'>vel</span> 
     </span>
     <span class='ocr_line' id='line_1_31' title="bbox 116 3395 1088 3501; baseline -0.01 -28"><span class='ocrx_word' id='word_1_205' title='bbox 116 3400 131 3493; x_wconf 16' lang='lat' dir='ltr'>u&#39;</span> <span class='ocrx_word' id='word_1_206' title='bbox 206 3401 259 3472; x_wconf 85' lang='lat' dir='ltr'>tiae</span> <span class='ocrx_word' id='word_1_207' title='bbox 269 3401 287 3470; x_wconf 73' lang='lat' dir='ltr'>d</span> <span class='ocrx_word' id='word_1_208' title='bbox 298 3422 423 3478; x_wconf 83' lang='lat' dir='ltr'>centro;</span> <span class='ocrx_word' id='word_1_209' title='bbox 438 3414 534 3499; x_wconf 89' lang='lat' dir='ltr'>prout</span> <span class='ocrx_word' id='word_1_210' title='bbox 546 3401 721 3501; x_wconf 84' lang='lat' dir='ltr'>figurarum</span> <span class='ocrx_word' id='word_1_211' title='bbox 736 3399 887 3491; x_wconf 81' lang='lat' dir='ltr'>similium</span> <span class='ocrx_word' id='word_1_212' title='bbox 896 3399 976 3471; x_wconf 87' lang='lat' dir='ltr'>ratio</span> <span class='ocrx_word' id='word_1_213' title='bbox 984 3395 1088 3465; x_wconf 85' lang='lat' dir='ltr'>omni-</span> 
     </span>
     <span class='ocr_line' id='line_1_32' title="bbox 98 3493 1088 3594; baseline -0.008 -26"><span class='ocrx_word' id='word_1_214' title='bbox 98 3518 140 3593; x_wconf 79' lang='lat' dir='ltr'>no</span> <span class='ocrx_word' id='word_1_215' title='bbox 159 3493 319 3594; x_wconf 86' lang='lat' dir='ltr'>postulat:</span> <span class='ocrx_word' id='word_1_216' title='bbox 343 3504 377 3569; x_wconf 88' lang='lat'>&amp;</span> <span class='ocrx_word' id='word_1_217' title='bbox 399 3496 604 3572; x_wconf 86' lang='lat' dir='ltr'>ficurvatura</span> <span class='ocrx_word' id='word_1_218' title='bbox 624 3500 663 3569; x_wconf 89' lang='lat' dir='ltr'>ab</span> <span class='ocrx_word' id='word_1_219' title='bbox 683 3524 718 3569; x_wconf 86' lang='lat' dir='ltr'>ea</span> <span class='ocrx_word' id='word_1_220' title='bbox 733 3493 949 3590; x_wconf 84' lang='lat' dir='ltr'>distantiarum</span> <span class='ocrx_word' id='word_1_221' title='bbox 969 3493 1088 3592; x_wconf 82' lang='lat' dir='ltr'>ratione</span> 
     </span>
     <span class='ocr_line' id='line_1_33' title="bbox 98 3591 1089 3691; baseline -0.009 -24"><span class='ocrx_word' id='word_1_222' title='bbox 98 3591 244 3677; x_wconf 75' lang='lat' dir='ltr'>recedat,</span> <span class='ocrx_word' id='word_1_223' title='bbox 266 3594 405 3667; x_wconf 75' lang='lat' dir='ltr'>excelsus</span> <span class='ocrx_word' id='word_1_224' title='bbox 418 3616 473 3668; x_wconf 86' lang='lat' dir='ltr'>aut</span> <span class='ocrx_word' id='word_1_225' title='bbox 486 3596 630 3668; x_wconf 67' lang='lat' dir='ltr'>defedus</span> <span class='ocrx_word' id='word_1_226' title='bbox 649 3598 781 3668; x_wconf 87' lang='lat' dir='ltr'>rationes</span> <span class='ocrx_word' id='word_1_227' title='bbox 800 3608 859 3691; x_wconf 87' lang='lat' dir='ltr'>pro</span> <span class='ocrx_word' id='word_1_228' title='bbox 877 3593 958 3663; x_wconf 84' lang='lat' dir='ltr'>veris</span> <span class='ocrx_word' id='word_1_229' title='bbox 975 3594 1089 3686; x_wconf 76' lang='lat' dir='ltr'>curva-</span> 
     </span>
     <span class='ocr_line' id='line_1_34' title="bbox 98 3682 1089 3787; baseline 0 -25"><span class='ocrx_word' id='word_1_230' title='bbox 98 3685 186 3775; x_wconf 70' lang='lat' dir='ltr'>&#39;tt&#39;trae</span> <span class='ocrx_word' id='word_1_231' title='bbox 207 3689 387 3765; x_wconf 84' lang='lat' dir='ltr'>excedentis</span> <span class='ocrx_word' id='word_1_232' title='bbox 408 3694 461 3765; x_wconf 92' lang='lat' dir='ltr'>vel</span> <span class='ocrx_word' id='word_1_233' title='bbox 477 3691 653 3766; x_wconf 81' lang='lat' dir='ltr'>deficientis</span> <span class='ocrx_word' id='word_1_234' title='bbox 676 3692 851 3765; x_wconf 87' lang='lat' dir='ltr'>rationibus</span> <span class='ocrx_word' id='word_1_235' title='bbox 874 3691 907 3759; x_wconf 92' lang='lat' dir='ltr'>in</span> <span class='ocrx_word' id='word_1_236' title='bbox 926 3682 1089 3787; x_wconf 71' lang='lat' dir='ltr'>posterum</span> 
     </span>
     <span class='ocr_line' id='line_1_35' title="bbox 98 3782 1088 3883; baseline -0.005 -23"><span class='ocrx_word' id='word_1_237' title='bbox 98 3787 325 3882; x_wconf 70' lang='lat' dir='ltr'>computandis</span> <span class='ocrx_word' id='word_1_238' title='bbox 338 3789 409 3863; x_wconf 89' lang='lat' dir='ltr'>sunt</span> <span class='ocrx_word' id='word_1_239' title='bbox 434 3787 598 3875; x_wconf 75' lang='lat' dir='ltr'>habenda.</span> <span class='ocrx_word' id='word_1_240' title='bbox 621 3791 809 3880; x_wconf 73' lang='lat' dir='ltr'>¹&#39;Velocitas</span> <span class='ocrx_word' id='word_1_241' title='bbox 836 3806 942 3871; x_wconf 89' lang='lat' dir='ltr'>autem</span> <span class='ocrx_word' id='word_1_242' title='bbox 965 3782 1088 3883; x_wconf 78' lang='lat' dir='ltr'>ubique</span> 
     </span>
     <span class='ocr_line' id='line_1_36' title="bbox 98 3880 1089 3993; baseline -0.009 -35"><span class='ocrx_word' id='word_1_243' title='bbox 98 3882 267 3993; x_wconf 69' lang='grc' dir='ltr'>[ρεᾷαυόα</span> <span class='ocrx_word' id='word_1_244' title='bbox 295 3882 342 3959; x_wconf 89' lang='lat' dir='ltr'>est</span> <span class='ocrx_word' id='word_1_245' title='bbox 370 3907 527 3981; x_wconf 77' lang='lat' dir='ltr'>quantum</span> <span class='ocrx_word' id='word_1_246' title='bbox 553 3885 592 3969; x_wconf 84' lang='lat' dir='ltr'>ad</span> <span class='ocrx_word' id='word_1_247' title='bbox 617 3898 731 3967; x_wconf 76' lang='lat' dir='ltr'>verum</span> <span class='ocrx_word' id='word_1_248' title='bbox 756 3880 884 3992; x_wconf 75' lang='lat' dir='ltr'>motum</span> <span class='ocrx_word' id='word_1_249' title='bbox 911 3883 1089 3983; x_wconf 66' lang='lat' dir='ltr'>angularem</span> 
     </span>
    </p>
   </div>
   <div class='ocr_carea' id='block_1_4' title="bbox 665 3986 1090 4083">
    <p class='ocr_par' dir='ltr' id='par_1_5' title="bbox 665 3986 1090 4083">
     <span class='ocr_line' id='line_1_37' title="bbox 665 3986 1090 4083; baseline -0.009 0"><span class='ocrx_word' id='word_1_250' title='bbox 665 3986 682 4053; x_wconf 82' lang='lat'>1</span> <span class='ocrx_word' id='word_1_251' title='bbox 711 4009 725 4083; x_wconf 76' lang='lat'><em>3</em></span> <span class='ocrx_word' id='word_1_252' title='bbox 1016 4000 1090 4079; x_wconf 62' lang='lat' dir='ltr'>tm·-</span> 
     </span>
    </p>
   </div>
   <div class='ocr_carea' id='block_1_5' title="bbox 0 0 1267 4366">
    <p class='ocr_par' dir='ltr' id='par_1_6' title="bbox 0 0 1267 4366">
     <span class='ocr_line' id='line_1_38' title="bbox 0 0 1267 4366; baseline 0 0"><span class='ocrx_word' id='word_1_253' title='bbox 0 0 1267 4366; x_wconf 95' lang='lat' dir='ltr'> </span> 
     </span>
    </p>
   </div>
  </div>
 </body>
</html>
