2452 4366
223 190 917 264 amnico-rmurarmcoe.
1001 215 1070 289 μ,

61 316 174 407 dinem
195 316 321 393 raude.
370 322 418 392 Et
443 315 517 390 inde
537 319 690 417 colligere
711 316 829 392 videor
849 318 943 416 quod
963 323 1071 397 cauda

62 416 146 514 nibil
158 416 250 490 aliud
264 415 305 490 sit
321 443 421 512 quam
433 441 535 513 vapor
549 419 645 515 longe
658 417 871 499 tenuiffimus,
894 444 996 515 quem
1012 446 1068 493 ra·

60 536 125 614 put
142 516 198 588 seu
220 518 367 588 Nueleus
386 520 536 586 Cornetae
547 540 605 612 per
619 518 756 589 calorem
773 517 867 589 suum
878 520 1018 590 emittit.

111 619 283 685 Catemm
306 612 349 684 de
369 617 583 685 Cometarum
605 612 716 685 caudis
734 617 853 712 triplex
870 614 920 688 est
938 618 1066 715 opinio,

62 736 109 785 eas
125 714 182 784 vel
190 712 287 803 jubar
299 708 361 782 esse
376 713 458 783 Solis
475 735 532 807 per
554 710 749 783 translucida
771 715 988 786 Cometarum
1010 736 1066 785 ca·

60 813 129 909 pita
282 832 374 890 tum3
400 811 455 879 vel
475 811 552 879 oriri
573 833 615 880 ex
631 809 821 882 refradione
840 813 922 884 lucis
938 815 970 885 in
989 835 1067 909 pro-

61 834 169 1007 giesi
185 911 198 981 i
235 931 285 978 ius
303 908 440 1003 {capite
461 910 611 978 Cometa
627 909 661 978 in
674 911 831 981 Terrama
856 911 910 981 vel
924 907 1067 1003 denique

64 1004 184 1077 nubem
207 1001 271 1076 esse
289 1003 342 1075 stu
361 1028 515 1102 vaporem
533 1006 553 1075 i
571 1005 675 1101 capite
690 1011 842 1075 Cometa
856 1006 982 1107 jugiter
997 1006 1067 1079 sur·

62 1124 196 1202 gentem
214 1102 440 1174 &abeuntem
454 1101 651 1271 ipnpanesa
677 1104 749 1173 Sole
765 1104 898 1174 aversas.
937 1106 1068 1203 Opinio

63 1202 169 1303 prima
185 1224 300 1272 eomm
311 1196 429 1293 estqui
443 1223 462 1268 r
531 1225 589 1270 um
603 1200 722 1271 imbuti
734 1199 804 1270 sunt
816 1200 944 1272 scientia
958 1226 1068 1276 renim

61 1299 259 1397 opticarum.
310 1301 399 1369 Nam
410 1295 505 1388 jubar
518 1298 640 1369 Solisin
657 1298 813 1369 cubiculo
829 1297 994 1371 tenebroso
1003 1326 1066 1374 non

49 1398 205 1487 ¹cernitur
216 1391 276 1466 nifi
296 1416 452 1490 quatenus
464 1395 522 1465 lux
535 1394 716 1466 reflectitur
737 1395 757 1466 ὲ
775 1396 947 1492 pulverum
961 1404 996 1469 ἃ*
1010 1394 1065 1469 su·

61 1517 195 1565 morum
206 1493 371 1590 particulis
384 1517 442 1588 per
451 1517 557 1562 aerem
569 1490 689 1588 semper
704 1494 940 1565 volitantibus:
967 1492 1066 1567 adeoss

61 1592 173 1687 quein
189 1614 258 1661 aere
275 1586 376 1661 fumis
394 1587 596 1661 crassioribus
611 1589 732 1660 insesso
748 1588 945 1691 splendidius
955 1591 1015 1673 est,
1029 1598 1066 1665 δι

62 1687 187 1783 sensum
200 1686 319 1759 fortius
337 1685 432 1770 ferit;
460 1688 492 1758 in
508 1711 577 1757 aere
598 1687 733 1758 clariore
751 1691 881 1761 tenuius
900 1685 949 1760 est
969 1697 1004 1760 ἃ
1019 1715 1063 1761 aa·

60 1786 152 1885 grius
162 1783 315 1857 sentitura
341 1784 473 1856 incoelis
486 1807 594 1856 autem
607 1784 725 1877 absque
736 1789 869 1858 materia
880 1784 1065 1861 reflectente

61 1884 191 1955 nullum
209 1877 271 1954 else
287 1880 402 1978 potest.
451 1885 529 1952 Lux
548 1906 611 1952 non
628 1883 772 1953 cemitur
789 1900 946 1976 quatenus
962 1885 993 1955 in
1010 1883 1064 1971 iu·

60 1979 138 2053 bare
149 1978 208 2058 est,
233 1975 286 2050 sed
298 2000 454 2072 quatenus
465 1978 538 2050 inde
554 1977 735 2051 reflectitur
748 1978 789 2050 ad
801 1981 914 2051 oculos
928 1980 1061 2055 nostros.

66 2081 158 2150 Nam
175 2072 259 2149 visio
272 2102 335 2148 non
356 2074 396 2147 fit
417 2074 476 2147 nili
499 2100 555 2173 per
573 2073 677 2147 radios
692 2079 753 2171 qui
770 2076 926 2153 inoculos
944 2078 1062 2177 impin·

61 2195 160 2274 gunt.
207 2174 408 2268 Requiritur
427 2174 531 2271 igitur
554 2173 692 2265 nuteria-
712 2175 819 2267 aliqua
838 2172 1005 2246 resledens
1029 2178 1063 2251 in
1109 2209 1118 2220 ³

61 2273 194 2371 regione
210 2269 350 2350 cauda,
374 2297 414 2342 ne
428 2270 551 2343 coelum
564 2292 674 2343 totum
691 2273 764 2343 luce
778 2273 860 2344 Solis
872 2268 1063 2349 illuſtratum

63 2369 269 2443 uniformiter
294 2366 461 2466 splendeat.
512 2370 641 2464 Opinio
660 2366 796 2443 saectmda
813 2369 924 2442 multis
943 2375 1063 2470 premi·

60 2487 120 2541 tur
140 2460 402 2540 difficultatibus.
451 2462 577 2538 Caudae
596 2489 759 2559 nunquam
781 2468 985 2567 variegantur
1005 2494 1063 2543 ro-

60 2564 204 2661 loribus:
230 2564 291 2665 qui
303 2584 408 2635 tamen
423 2562 652 2636 refraetionum
670 2561 847 2635 solent'esse
860 2567 995 2637 comites·
1013 2569 1061 2649 io·

57 2652 252 2762 separabiles.
303 2666 380 2733 Lux
397 2663 550 2735 Fixarum
570 2667 604 2731 &
628 2661 827 2735 Planetarum
846 2659 996 2734 distinete
1019 2662 1062 2744 a'd
1104 2726 1107 2731 .

62 2784 122 2841 nos
138 2754 309 2845 transmissa
322 2756 519 2833 demonstrat
537 2755 683 2833 medium
706 2755 836 2829 coeleste
855 2759 939 2830 nulla
958 2761 992 2831 vi
1011 2786 1063 2851 re·

61 2857 200 2932 fractiva
211 2848 341 2955 polleie.
366 2846 371 2856 ’
390 2851 480 2955 Nam
493 2854 586 2949 quod
599 2853 723 2928 dicitur
739 2853 819 2927 fixas
833 2855 873 2925 ab
887 2857 1061 2955 AEgyptiit

64 2977 204 3049 eomatas
220 2979 446 3053 nonnunquam
461 2952 540 3029 visas
558 2953 665 3032 fuisse,
691 2950 726 3024 id
739 2953 894 3120 punniam
906 2952 1061 3029 rarissime

62 3054 236 3152 contingit,
259 3044 481 3124 ascribendum
493 3047 541 3145 esi
556 3051 691 3125 nubium
703 3074 737 3121 re
754 3052 888 3129 radioni
901 3051 1062 3127 fortuita.

64 3152 218 3224 Fixarum
232 3145 372 3244 ¹quoque
388 3144 523 3249 radiatio
544 3147 775 3247 &scintillatio
796 3148 837 3220 a'd
855 3148 1060 3223 resrasliones

64 3272 140 3322 tum
171 3251 362 3322 Oculorum
392 3268 465 3323 tum
495 3247 574 3318 aeris
599 3246 730 3323 tremuli
759 3243 934 3317 referenda
962 3245 1063 3322 sunt'r

64 3336 186 3445 {puippe
219 3370 295 3441 qua
319 3333 463 3441 'admotis
491 3344 591 3427 oculo
625 3339 824 3443 Telescopiis
856 3348 1058 3419 evanescunt.

67 3447 162 3519 Aeris
187 3451 221 3516 &
246 3439 481 3537 ascendentium
506 3438 662 3541 vaporum
687 3463 824 3515 tremore
852 3438 891 3511 fit
916 3461 954 3512 ut
978 3440 1060 3515 radii

63 3532 158 3617 facile
168 3542 211 3616 de
221 3536 356 3643 angusto
370 3539 485 3641 pupilli
503 3539 602 3639 spatio
619 3565 675 3638 per
693 3540 780 3617 uices
794 3536 1060 3630 detorqueantur,

64 3638 231 3715 delatione
244 3660 351 3738 autem
359 3639 438 3712 vitri
444 3635 600 3727 objeslivi
613 3660 758 3736 apertura
766 3638 964 3730 neutiquam.
979 3636 1064 3723 Inde'

63 3726 111 3814 est
117 3735 211 3836 quod
221 3736 403 3810 scintillatio
417 3736 449 3808 in
458 3737 557 3833 priori
572 3736 643 3809 casu
651 3755 830 3833 generetur,
845 3738 875 3805 in
886 3732 1064 3829 posteriore·
1087 3800 1092 3815 ‚
1175 3800 1178 3807 .

63 3837 174 3949 ‘putem
188 3833 303 3937 cessere
316 3828 789 3940 &cessatioinposteriorecasu
802 3830 1061 4004 demumr-j

913 3956 938 4031 g
1022 3956 1057 4006 nr
