2484 4366
264 217 971 297 PHrslco-MATHEMATJM.
1071 230 1114 308 81

121 347 270 452 pendula
288 359 323 423 δι
339 348 547 424 mensurando
557 350 764 438 reflexionem
775 355 897 426 invenit
909 361 1119 451 quantitatem

123 451 182 522 vis
203 447 336 522 elasticae
347 476 359 532 ς
390 447 507 521 deinde
528 445 678 545 perhanc
696 452 765 524 vim
785 453 911 524 calculo
928 453 1118 532 determina·

123 548 182 618 vit
200 546 433 618 reflexionesin
448 547 514 618 aliis
531 546 742 619 concursuum
761 543 884 620 cafibus
897 555 1117 649 expectandae,

120 641 402 742 &respondebant
419 645 642 740 experimenta.
693 642 858 718 Redibant
870 647 1067 816 semperpiiae
1075 655 1117 726 ab

114 743 273 814 ‘invicem
290 766 366 813 cunr
383 742 552 814 velocitate
570 741 699 812 relativa
721 766 795 833 quae
810 740 886 814 esset
906 765 922 814 a
961 751 1113 823 velocita.

110 859 191 912 tem
210 840 377 911 relativam
396 839 564 910 concursus
585 859 623 910 ut
642 862 790 911 numerus
804 841 969 932 quinarius
991 845 1031 918 ad
1054 872 1112 920 no·

108 939 305 1009 senarium.
354 938 429 1007 Pilae
440 960 482 1006 ex
497 933 631 1031 chalybe
642 933 801 1008 sereerant
813 937 952 1033 perfecte
964 942 1111 1025 eunica,

107 1033 272 1107 'redibant
278 1035 362 1105 euim
367 1031 600 1130 propemodum
612 1056 688 1104 ctun
696 1035 865 1106 velocitate
876 1040 1046 1114 concursus
1050 1071 1062 1123 ‚·
1075 1069 1108 1115 a·

110 1133 174 1204 liae
190 1155 234 1202 ex
244 1133 352 1203 subere
368 1155 445 1202 cum
461 1133 556 1226 paulo
566 1132 708 1201 minore:
735 1130 766 1201 in
786 1133 897 1203 vitreis
912 1155 1019 1210 autem
1032 1160 1108 1235 pro.

112 1231 237 1396 'portio
247 1250 314 1300 erat
331 1248 370 1299 ut
387 1225 572 1322 quindecim
592 1226 632 1298 ad
647 1223 784 1298 sedecim
803 1231 944 1302 circiter.
994 1232 1107 1331 Atque

141 1352 167 1397 o

168 1351 188 1397 c
211 1327 307 1422 pasto
325 1329 396 1396 Lex
419 1326 530 1417 quinta
549 1322 658 1418 quoad
678 1325 813 1414 ictus&
838 1326 1025 1403 reflexiones
1049 1357 1107 1430 per

114 1416 304 1496 Theoriam
318 1420 532 1494 Wallifianam
557 1421 761 1518 comprobata
775 1421 839 1495 est!
866 1448 941 1517 quae
960 1453 1105 1502 cumeris

112 1521 273 1619 perientia
284 1521 371 1616 plane
388 1521 548 1616 congruit.
599 1522 638 1589 ln
650 1519 889 1593 attractionibus
906 1525 1002 1598 etiarn
1015 1527 1104 1602 obti-

112 1642 190 1690 nere
205 1614 288 1687 hanc
298 1617 451 1712 regulam,
475 1613 565 1708 quod
584 1614 704 1686 scilicet
722 1620 879 1708 quantitas
899 1643 1008 1695 motus
1026 1650 1104 1719 quae

113 1716 287 1813 colligitur
296 1711 448 1810 capiendo
461 1711 615 1784 susurnam
633 1726 784 1783 motuum
797 1713 956 1788 factorum
970 1718 1010 1791 ad
1027 1746 1101 1794 ean·

111 1810 191 1885 dem
209 1826 342 1908 parterm
367 1817 400 1880 δι
413 1805 625 1881 differentiam
637 1807 797 1880 factorum
804 1809 845 1881 ad
857 1817 1024 1886 contrarias
1036 1841 1100 1889 non

111 1929 259 1986 mutatur
276 1907 316 1978 ab
335 1908 458 1978 ablione
475 1923 648 2003 corporum
667 1907 748 1977 inter
765 1903 807 1984 ses
828 1907 968 1980 breviter
983 1908 1049 1982 hoc
1064 1916 1098 1986 in

111 2007 191 2078 loco
202 1995 383 2076 ostendebat
402 2009 595 2084 Newtonus,
620 2003 712 2095 cujus
729 2006 761 2074 in
779 2000 837 2075 hac
855 2005 946 2078 causa
965 2010 1097 2083 ratioci⁴

112 2105 207 2175 nium
222 2104 299 2174 olim
314 2099 371 2171 sub
391 2105 478 2199 Lege
501 2103 612 2194 quinta
634 2123 675 2170 err
715 2098 866 2184 ndisnus3
902 2124 933 2175 at
958 2128 998 2176 ue
1017 2105 1098 2180 adeo

111 2197 201 2273 idem
219 2196 496 2294 impraesentiarum
518 2193 646 2267 missum
687 2199 836 2276 aciemusa
863 2205 896 2270 δι
913 2125 956 2271 ai
973 2203 1096 2296 reliqua

111 2294 166 2370 hic
183 2297 280 2368 locil
301 2301 466 2368 Newtono
487 2294 648 2364 observata
671 2292 870 2365 accedemus.
921 2300 976 2372 Ut
986 2299 1095 2396 itaque

111 2411 244 2490 'corpora
257 2394 289 2464 in
302 2393 456 2463 concursu
472 2397 506 2461 δ(
522 2385 693 2460 reflexione
715 2389 802 2462 idem
817 2393 937 2488 pollent
949 2416 1093 2489 quorum
1189 2432 1197 2439 ·

110 2493 293 2563 velocitates
305 2488 376 2558 sunt
386 2490 548 2584 'reciproce
564 2507 602 2558 ut
615 2488 698 2557 vires
718 2485 832 2567 insitae,
858 2486 924 2559 sive
939 2489 1003 2588 ipsa
1019 2517 1092 2565 cor·

155 2613 198 2666 ra,
223 2587 272 2657 uti
289 2600 330 2657 ex
353 2589 441 2682 Lege
458 2585 631 2678 8·.&17·.
656 2589 690 2653 &
712 2585 859 2682 Hugenii
872 2585 1091 2682 Proposrtione

111 2604 162 2755 ll*
181 2685 315 2780 intelligi
331 2680 450 2778 potest,
475 2680 518 2753 fic
543 2682 574 2752 in
599 2675 765 2752 movendis
788 2677 1000 2755 insbumentis
1022 2710 1091 2756 me-

111 2776 243 2854 chanicis
268 2780 388 2878 agentia
410 2776 496 2852 idem
518 2778 649 2875 pollent,
684 2776 905 2848 &conatibus
929 2783 1093 2853 contrariis

111 2874 138 2947 se
152 2890 269 2950 mutuo
285 2871 444 2955 sustinenti
468 2892 607 2968 quorum
623 2874 818 2961 velocitates,
842 2870 1015 2947 secundum
1032 2874 1091 2952 de·

109 2976 356 3047 terminationem
368 2973 487 3048 virium
495 2969 666 3050 aestimata,
675 2970 745 3042 sunt
757 2971 919 3066 reciproce
932 2991 970 3044 ut
984 2974 1086 3049 vites:

105 3068 157 3163 ¹Sic
171 3069 308 3163 pondera
324 3069 527 3165 aequipossent
545 3065 585 3138 ad
600 3065 757 3139 movenda
769 3064 897 3139 brachia
909 3069 999 3141 librae
1012 3096 1090 3166 quae

108 3165 261 3241 oscillante
289 3167 366 3239 libra
394 3166 464 3237 sunt
491 3161 653 3261 reciproce
683 3185 721 3235 ut
749 3189 862 3236 eorum
900 3166 1087 3241 velocitates

108 3261 222 3336 sursum
258 3268 291 3334 &
320 3261 467 3333 deorsum
479 3276 490 3343 ς
518 3259 581 3330 hoc
592 3257 651 3338 est,
663 3255 801 3356 pondera
830 3257 853 3331 st
878 3264 964 3334 recta
981 3264 1085 3338 ascen·

106 3356 238 3433 dunt&
271 3357 465 3431 descendunt
502 3357 708 3453 aequipollent
742 3352 802 3427 fibi
835 3358 974 3430 invicem
1006 3383 1085 3452 quae

106 3453 168 3530 sunt
194 3459 356 3552 reciproce
383 3475 421 3528 ut
443 3455 637 3551 pun&or‘um
663 3452 681 3523 l
709 3453 828 3546 quibus
853 3452 1084 3551 suspenduntur

104 3549 253 3628 distantiae
274 3553 312 3626 ab
329 3577 388 3622 axe
406 3553 516 3645 librae.⁴
558 3552 612 3622 Sin
631 3551 727 3646 planis
741 3549 882 3642 obliquis
898 3552 1005 3623 aliisve
1027 3551 1084 3623 ad-

104 3653 193 3723 motis
212 3648 381 3722 obstaculis
400 3647 552 3737 impedita
565 3644 736 3719 ascendunt
748 3647 801 3718 vel
814 3644 1009 3719 descendunt
1020 3649 1081 3719 ob-

104 3743 198 3842 lique,
220 3734 356 3845 ponder'a
370 3747 574 3840 aequipollent
587 3767 661 3836 quae
675 3741 745 3813 sunt
762 3762 800 3813 ut
819 3740 956 3813 ascensus
974 3749 1008 3814 bc
1023 3744 1082 3820 de.

104 3838 225 3926 sensus,
237 3841 476 3939 quatenussaeii
488 3837 662 3927 secundum
670 3833 955 4007 perpendiculum,
980 3840 1080 4012 idpue

736 3980 746 4009 r
999 3965 1015 4009 2
1038 3964 1078 4011 CO
