2484 4366
115 191 160 300 te
391 212 835 299 PMLEC'TIONES

119 348 316 450 regredietur
324 327 400 422 cum
409 371 562 446 unaparte
572 347 680 421 amisso
688 372 781 421 motu
789 351 859 431 suo,
876 353 910 420 δι
929 356 984 432 (ut
995 351 1039 421 ita
1050 345 1103 421 di·

120 450 273 538 camma
302 464 367 522 arte
377 445 1103 547 amplius,velregredieturcumpartibusdua·

113 538 190 661 ,bps
205 547 249 667 ol>
286 536 967 661 etraelummotumprogrellrvumpartium
977 541 1105 657 praede

122 670 209 834 (Εἰ
222 642 1105 837 lleflli¹lssllllsstllllllllffillll

124 863 170 957 ,¹7
186 864 264 955 '‘..1
285 842 337 955 vel
352 839 394 910 '18
415 879 457 895 -
472 854 504 919 2,
529 836 648 950 semper
660 840 721 910 erit
731 840 878 950 partium
892 837 1043 951 sedam,
1067 842 1106 908 u't

123 954 193 1006 ante
211 935 400 1025 concursum
416 942 450 1006 &
467 935 686 1008 reflexmnem.
743 935 844 1026 Qrod
869 962 901 1007 m
918 934 1106 1034 corporrbus

5 1086 9 1093 -
122 1029 552 1137 p'e'rfedleelalliriseveniet3
581 1036 630 1105 ut'i
641 1056 681 1103 ex
690 1028 812 1131 legibus
823 1046 931 1106 motus
941 1032 984 1104 de
995 1030 1106 1103 iisdem

122 1131 210 1299 prius
225 1129 385 1227 expositis,
411 1136 445 1200 &
464 1157 504 1202 ex
526 1130 607 1203 infra
629 1128 771 1203 dicendis
784 1130 825 1202 de
846 1129 1031 1228 imperfecte
1045 1124 1106 1200 ela·-

153 1228 210 1298 icis
234 1227 302 1300 satis
321 1228 457 1325 intelligi
474 1232 601 1327 poterit.
658 1230 809 1325 Cognitis
834 1236 941 1300 autem
967 1229 1114 1299 motibus

124 1323 318 1418 ‘quibuscum
332 1342 465 1423 corpora
479 1322 549 1423 post
570 1324 777 1398 reflexionem
797 1336 941 1423 pergent,
967 1328 1118 1397 invenie-⁸

126 1443 181 1508 tur
208 1421 363 1516 cujusque
386 1424 536 1495 velocitas
559 1421 632 1520 post
657 1422 787 1494 eandem
812 1422 1032 1502 reflexionem,
1051 1434 1130 1518 po*

125 1514 230 1591 nendo
242 1517 378 1592 camell'e
393 1516 432 1591 ad
444 1523 646 1592 velocitatem
659 1542 727 1592 ante
741 1519 960 1600 reflexionem,
984 1536 1023 1591 ut
1034 1530 1136 1590 'ino‘

126 1636 178 1687 tus
195 1614 277 1712 post,
302 1613 341 1688 ad
359 1630 485 1689 meltum
503 1640 583 1690 ante.
634 1620 688 1691 Ut
700 1619 812 1689 incasu
824 1618 955 1707 ultimo,
964 1618 1023 1689 ubi
1039 1630 1136 1687 col-a

127 1714 212 1813 poris
231 1720 272 1783 A
289 1728 397 1799 motus
420 1709 641 1813 e'rat'partium
662 1715 714 1786 sex
743 1734 812 1786 ante
830 1715 1051 1794 reflexionem,
1074 1718 1133 1785 ἃ

126 1812 265 1909 par'ti'um
281 1810 466 1885 octodecim
478 1811 596 1909 postea,
611 1820 646 1883 ὅ(
659 1813 808 1884 velocitas
821 1815 961 1910 partiunl
973 1810 1127 1883 dumam

127 1916 197 1981 ente
216 1907 437 2005 reflexionem,
462 1909 640 1981 invenietur
654 1910 721 2002 ejus
735 1911 886 1982 velocitas
906 1913 1045 2007 pullum
1057 1908 1122 1979 fert

127 2003 200 2103 post
215 2004 433 2101 reflexionem,
458 2002 607 2086 dicendo,
630 2007 723 2098 juxta
737 2008 879 2105 regulam
902 2024 1029 2079 auream
1036 2033 1047 2089 3
1066 2008 1115 2075 -a'rl

129 2110 237 2174 motus
243 2112 343 2199 pa'r‘tes
356 2102 408 2174 sex
423 2123 492 2174 ante
504 2101 720 2184 reflexionem,
734 2102 892 2176 admotus
905 2120 1007 2201 partes
1017 2104 1107 2174 odo*

129 2195 236 2270 decim
247 2196 366 2296 postea,
391 2202 435 2271 ita
456 2202 633 2293 velocitatis
660 2223 764 2300 partes¹
779 2200 852 2273 dure
874 2214 944 2273 ante
963 2187 1104 2273 relleirln*

130 2320 216 2378 nem,
241 2295 281 2369 'ad
300 2300 478 2371 velocitatis
497 2318 596 2396 partes
609 2298 661 2368 sex
677 2296 794 2395 postea.
842 2298 1103 2371 'Comenim-nn'*
1133 2360 1136 2373 .

79 2427 83 2435 ·
129 2413 181 2466 tus
195 2396 351 2487 quantitas
366 2398 485 2466 oriatur
505 2414 545 2467 ex
563 2399 730 2469 velocitate
753 2403 786 2468 &
805 2395 1024 2495 magnitudine
1034 2400 1105 2464 coll·
1124 2478 1130 2486 .

124 2488 279 2587 jundlim,
305 2494 336 2563 in
349 2490 424 2564 dato
439 2508 571 2591 corpore
586 2512 693 2566 mutus
714 2497 870 2588 quantitas
889 2512 929 2566 erc
945 2493 1104 2565 velociore

131 2586 194 2660 sola
208 2585 427 2670 aestimabitur,
452 2610 546 2685 atque
561 2589 640 2663 adeo
654 2594 811 2685 quantitas
826 2606 932 2663 motus
947 2588 981 2662 dc
995 2586 1109 2662 veloci-

131 2688 205 2759 tatis
218 2698 311 2761 erunt
325 2682 385 2760 srbi
404 2690 543 2761 invicem
561 2687 681 2781 direde
703 2690 963 2785 proportionales.
1011 2677 1111 2779 Qrod

132 2779 158 2855 li
178 2809 312 2883 corpora
325 2796 389 2863 'non
406 2785 565 2882 spherica,
590 2788 642 2858 vel
655 2783 785 2857 diverlis
802 2788 834 2856 in
846 2783 940 2858 tediis
953 2781 1118 2857 rno'ventla

132 2880 272 2955 incidant
286 2884 318 2954 in
333 2883 490 2954 semutuo
503 2884 647 2977 oblique,
661 2890 695 2953 δι
708 2886 908 2977 requirantur
920 2890 1123 2956 eorummet

132 2998 184 3049 tus
199 2977 273 3074 post
287 2978 505 3060 reflexionem,
531 2977 765 3078 cognoscendus
775 2976 823 3051 est
837 2980 913 3051 situs
927 2981 1010 3078 plani
1024 2992 1132 3070 aquo

133 3092 266 3172 corpora
287 3079 507 3148 concurrentia
527 3094 701 3176 'tanguntur
725 3080 756 3149 in
783 3081 904 3173 pundo
925 3069 1086 3148 concurfirs
1109 3082 1136 3142 ἱ

82 3176 85 3181 “
131 3170 206 3246 dein
220 3175 361 3270 corporis
375 3173 540 3267 utriusque
547 3197 653 3246 motus
661 3173 902 3271 distinguendus
912 3172 962 3269 ‘est
977 3177 1009 3246 in
1021 3171 1128 3244 duos,

133 3296 235 3344 unum
248 3268 327 3342 huic
339 3271 431 3368 plano
443 3270 742 3370 perpendicularem,
768 3275 902 3344 alterum
922 3269 1033 3343 eid'eln
1044 3274 1126 3367 pat*

133 3370 279 3450 allelum3
306 3391 413 3441 motus
432 3393 537 3441 autem
557 3370 712 3466 paralleli,
737 3390 899 3474 propterea
911 3367 1009 3461 quod
1029 3365 1121 3438 nulli>

132 3464 234 3538 modo
254 3461 314 3537 libi
325 3463 534 3549 adversantur,
561 3467 747 3564 corporibus
763 3469 793 3538 in
811 3465 840 3537 se
855 3468 996 3539 invicem
1008 3465 1119 3536 lecul1⁴

132 3561 215 3637 dum
228 3564 343 3634 lineam
357 3562 434 3635 huic
447 3567 538 3661 plano
554 3561 844 3661 perpendicularem
866 3563 1043 3661 agentibus
1066 3574 1110 3632 le·

134 3658 257 3734 tinendi
275 3661 346 3733 sunt
376 3659 475 3733 iidem
505 3659 575 3758 post
606 3658 812 3732 reflexionem
833 3672 928 3755 atque
949 3680 1057 3743 antem
1082 3648 1111 3728 dl

132 3757 275 3829 motibus
289 3756 599 3856 'perpendicularibus
615 3760 805 3830 mutationes
824 3760 959 3853 aquales
974 3761 1007 3831 in
1020 3774 1107 3856 panes

135 3856 305 3928 contrarias
318 3854 496 3930 tribuenda
512 3856 595 3939 sunt,
621 3853 716 3930 ficut
734 3859 853 3931 ltmmra
869 3853 1109 4021 conspirantifflp
