2452 4366
155 196 223 290 316
413 192 856 267 enaetncmouas

145 344 257 416 atque,
281 325 372 393 Luna
391 315 633 391 declinationem
656 340 813 402 mutante,
835 320 1018 397 mutabitur
1031 325 1131 401 inde·

148 422 291 498 fluxum.
344 414 457 491 AEstus
483 417 590 510 itaque
614 416 692 487 alter
712 416 815 515 spatio
844 415 993 491 horarum
1027 446 1084 516 1¹2.
1112 427 1132 507 1,

145 520 229 593 mari
242 513 373 596 Indico,
395 519 430 584 δι
447 514 525 587 alter
544 513 643 609 spatio
655 511 808 587 horarum
827 525 859 586 6.
885 517 905 588 1·
914 517 993 589 mari
1005 520 1129 595 Sioenlt

141 638 200 714 per
212 614 293 687 fieta
307 614 359 686 illa
371 612 457 708 prius
472 630 645 682 memorata
662 612 833 692 venientes,
857 617 892 685 &
907 610 952 685 fic
967 613 998 684 in
1010 611 1130 690 boram

141 713 270 789 tertiam
282 716 316 781 &
333 731 444 780 nonant
464 711 623 778 Lunarem
641 705 826 791 incidentes,
850 709 1004 782 anomalus
1016 709 1075 785 hos
1088 739 1125 786 a·

141 833 276 904 qmrum
295 804 388 877 aestus
405 827 596 900 componere
616 801 779 878 videntur.
829 804 892 879 Sed
907 810 992 879 Haec
1012 815 1047 881 &
1060 808 1123 882 hu·

138 903 278 1000 julmodi
290 903 489 1000 particularia
523 898 704 972 haenomena
721 905 901 976 vicinorum
921 906 1071 980 littorum
1090 913 1126 979 &

136 1006 275 1076 matium
293 925 564 1071 observationibus
580 997 650 1072 sunt
662 997 783 1092 ubique
800 1000 1016 1094 relinquenda.

185 1100 345 1171 Selium
396 1098 430 1169 si
447 1095 562 1169 calculi
584 1099 791 1179 Newtoniani
814 1096 959 1197 ambages
980 1098 1124 1199 refugia-

136 1221 224 1278 mus,
253 1202 287 1267 &
310 1194 431 1265 virium
452 1192 639 1288 quantitates
664 1190 741 1264 solas
762 1193 872 1267 nescire
900 1198 1050 1277 velimus,
1076 1196 1121 1270 fic

136 1292 349 1371 statuendum.
399 1296 531 1362 Summa
552 1290 673 1361 virium
692 1290 848 1365 Solarium
874 1310 938 1364 tam
960 1296 993 1365 in
1013 1292 1121 1393 depri-

132 1391 255 1465 mendis
272 1388 409 1497 aquisin
427 1385 611 1554 regiogibus
633 1410 706 1497 quat
720 1411 780 1499 90.
805 1388 955 1486 gradibus
969 1389 1117 1504 distanti

132 1490 348 1682 {titul
359 1484 569 1669 utlltt
582 1484 1117 1663 tttlululltuslu

130 1683 208 1755 lares
226 1678 266 1753 ad
281 1673 466 1775 agitandum
480 1700 564 1749 mare
586 1673 616 1745 se
636 1672 753 1749 habent
768 1677 807 1750 ad
822 1682 890 1750 vim
908 1684 1072 1778 gravitatis
1083 1709 1116 1754 a·

129 1777 201 1877 pud
212 1803 279 1858 nos,
304 1794 342 1845 ut
368 1798 398 1852 1,
424 1771 464 1845 ad
488 1770 710 1863 001168000.
756 1777 845 1848 Cum
859 1797 966 1854 autem
978 1780 1028 1851 vis
1043 1803 1115 1857 ceu-

128 1928 249 2026 trifuga
261 1927 397 2026 partium
411 1930 523 1999 Terrae
535 1926 554 1997 1
566 1925 684 1999 diurno
699 1923 842 2018 ejusdem
856 1950 951 2001 motu
965 1930 1113 2014 oriunda,

126 2051 201 2123 quat
215 2023 314 2096 estad
334 2024 402 2094 vim
421 2024 583 2121 gravitatis
601 2045 639 2096 ut
664 2049 695 2106 1,
720 2021 760 2096 ad
776 2048 855 2111 291,
880 2021 1000 2098 efficiat
1015 2051 1053 2102 ut
1068 2031 1111 2101 al-

123 2122 235 2198 titudo
246 2146 337 2214 aquae
353 2118 410 2192 sub
430 2134 590 2215 aquatore
608 2122 730 2217 superet
745 2119 813 2209 ejus
833 2119 1035 2207 altitudinem
1056 2127 1111 2197 sub

123 2223 205 2323 polis
222 2217 361 2289 mensura
380 2215 500 2315 pedum
519 2214 737 2289 Parilienstum
754 2216 892 2310 85.200.
942 2221 1003 2294 Vis
1021 2225 1108 2292 Sola·

122 2318 175 2398 ris,
200 2312 240 2386 de
259 2338 323 2406 qua
335 2311 398 2403 ja'm
413 2315 547 2412 agimus,
572 2337 649 2386 cum
664 2311 704 2385 fit
716 2311 758 2385 ad
771 2315 840 2386 vim
857 2317 1018 2414 gravitatis
1034 2340 1072 2390 ut
1090 2345 1105 2391 1

121 2412 162 2487 ad
186 2409 407 2489 12.868.200‚
432 2430 527 2506 atque
540 2409 618 2483 adeo
637 2409 678 2486 ad
701 2412 771 2482 vim
791 2412 876 2484 illam
895 2414 1109 2515 centrifugam

123 2592 162 2644 ut
184 2524 247 2656 api
272 2564 312 2638 acl
337 2563 557 2645 12.868.200,
588 2563 641 2637 seu
669 2590 683 2636 1
709 2562 749 2636 ad
767 2591 911 2664 44221,
935 2563 1057 2641 efficiet
1072 2589 1109 2640 ut

119 2719 258 2798 altitudo
273 2741 363 2814 aquae
386 2719 419 2791 in
437 2716 621 2816 regionibus
640 2717 698 2790 sub
719 2718 792 2803 Solo
811 2724 845 2789 δι
863 2721 930 2792 Soli
942 2711 1106 2820 oppositis,

116 2822 241 2917 superet
260 2813 459 2890 altitudinem
479 2813 547 2906 ejus
567 2817 600 2890 in
619 2815 698 2887 locis
717 2839 791 2909 quae
809 2839 869 2904 90.
885 2815 1037 2914 gradibus
1051 2817 1103 2897 di-

115 2904 228 2991 [lami
245 2916 331 2995 Sole,
356 2911 498 2986 mensura
514 2933 638 2986 tantum
652 2902 741 3011 pedis
760 2914 852 2997 unius
868 2912 1049 2992 Parifiensm
1066 2920 1100 2985 &

113 3010 302 3112 digitotum'
323 3008 499 3089 undecim:
536 3034 647 3105 nempe
678 3009 770 3101 juxta
798 3007 878 3082 hanc
908 3012 1099 3108 analogium²

113 3132 241 3211 44221
267 3133 275 3175 ε
300 3128 313 3173 1
339 3134 375 3177 :a
401 3106 528 3200 85.200
552 3135 561 3177 z
589 3112 663 3191 ιὲὲ.
714 3108 1042 3200 VirepautemLunae
1060 3106 1101 3180 ad

110 3231 195 3287 mare
214 3198 425 3281 movendum,
443 3227 517 3297 quae
532 3201 587 3276 hic
599 3204 804 3302 principalem
818 3206 927 3276 locum
940 3205 1099 3289 obtinent,

111 3329 154 3381 ex
168 3297 339 3374 earundem
352 3295 393 3370 ad
404 3296 511 3373 solares
528 3303 647 3374 ratione
666 3298 863 3383 deducenda
875 3299 968 3385 sunt3
996 3309 1031 3373 &
1067 3331 1101 3377 et

110 3398 246 3479 effestus
269 3395 334 3467 five
353 3415 504 3471 motuum
523 3401 557 3468 in
581 3396 725 3494 syzygiis
736 3398 886 3491 summas,
912 3394 944 3470 in
965 3328 1110 3493 quada-¹

108 3499 190 3581 turis
204 3495 382 3589 differem
389 3490 610 3588 dignoscendae
626 3521 634 3562 ι
662 3490 733 3568 sunt
750 3514 858 3566 autem
883 3498 979 3568 Vires
997 3503 1097 3585 Lunae

108 3619 151 3672 ex
164 3592 230 3669 hoc
248 3589 383 3673 calculo,
399 3587 447 3661 ad
468 3590 561 3661 Vires
583 3591 675 3677 solis,
700 3615 740 3665 ex
763 3593 883 3663 collatis
901 3594 1095 3665 ohservatio-

107 3690 202 3767 nibus
215 3711 252 3855 pt
266 3693 323 3783 σὲ,
349 3683 416 3787 ads
432 3710 528 3802 qua'm
540 3686 705 3791 proximeg
734 3685 799 3785 sive
811 3713 944 3766 numero
956 3689 1100 3789 rotutdo

111 3794 215 3884 Secup
230 3808 267 3855 a.

908 3896 1093 4039 ,0010)
