2484 4366
260 228 945 337 rnrrrco-narnr-Marrcar.
1069 261 1108 340 23

116 386 188 460 lum
205 403 386 459 curvatura,
406 378 437 450 in
452 366 587 475 Enipfin
603 372 693 458 abit3
720 365 848 471 Ellipsrs
865 397 973 448 autem
989 395 1102 467 centro
1133 457 1141 468 ,
1168 448 1170 453 .

122 482 237 574 ejusin
262 479 425 552 infinitum
450 478 596 573 abramne,
622 481 656 543 &
684 495 855 546 curvatura
878 499 921 546 eo
943 475 1039 569 patto
1054 464 1107 548 di·

119 581 245 661 minuta
272 580 410 650 vertitur
445 575 477 645 in
496 570 702 669 Parabnlama
744 572 850 662 Cujus
880 595 1051 661 curvatura
1078 571 1105 647 fi

113 679 278 751 tantillum
288 694 447 751 mutetur,
461 686 599 768 exurget
610 668 997 768 Hyperbolarumtprima
1023 695 1105 765 qua·

60 771 69 786 “
114 775 230 849 rums
264 768 326 848 cies
343 797 419 871 {um
437 768 497 842 sant
514 774 685 853 innumera
699 792 755 864 per
770 789 975 842 curvaturam
992 768 1105 867 grada-

113 877 179 948 tim
235 874 241 887 '
282 875 399 942 *utam
424 886 585 967 emergent
603 889 739 957 ⁸omnes,
769 864 872 954 donec
902 868 1105 940 evanescente

113 991 290 1042 curvatura
303 965 625 1066 -hyperbolatultima
640 965 671 1034 in
690 965 809 1036 tetstam
828 965 943 1052 lineam
966 967 1018 1037 axi
1031 987 1104 1062 per·

116 1065 354 1165 pendicularem
371 1062 503 1137 desinat.
521 1100 525 1157 '.
554 1056 665 1151 Unde¹
675 1081 762 1156 patet
779 1087 907 1147 onmem
923 1062 1103 1160 regularem

118 1171 154 1236 &
173 1160 514 1260 circaiocongenerem
525 1178 728 1253 curvaturam
741 1161 889 1233 acirtulo
898 1159 976 1257 ipso,
997 1159 1103 1259 figuti

118 1263 262 1352 omnium
274 1260 410 1346 maxime
420 1257 581 1352 aequabili,
594 1255 695 1350 ,usque
708 1255 748 1327 ad
759 1256 872 1329 lineam
885 1258 1016 1339 rectam,
1041 1257 1103 1329 esse

123 1379 326 1433 curvaturam
335 1357 491 1435 tonicam,
506 1351 575 1425 'five
590 1354 768 1424 Sectionem
784 1356 954 1433 Conicam,
970 1354 1107 1425 &vario

113 1457 243 1527 nomine
259 1478 318 1550 pro
329 1449 471 1533 diversis¹
482 1462 661 1531 curvattsrae
678 1449 828 1547 gradibus
846 1449 1000 1549 insigniri.
1028 1457 1103 1525 No·

114 1550 251 1622 tandum
278 1557 347 1638 (2.)
382 1554 481 1619 Latus
502 1548 647 1621 Renum
666 1548 792 1619 Circuli
820 1546 881 1620 esse
908 1547 1062 1621 distantiat
1085 1575 1103 1620 a

116 1649 240 1718 vertice
265 1645 413 1743 duplum,
439 1651 550 1717 Latera
571 1645 676 1716 Recta
696 1643 867 1743 Ellipfium
889 1671 996 1717 omnes
1019 1649 1102 1718 inter
1130 1673 1132 1677 ’

115 1742 247 1841 duplam
260 1751 293 1814 δι
305 1740 516 1838 quadruplam
529 1741 662 1812 rationes
674 1737 830 1822 obtinere,
855 1766 913 1838 pro
937 1745 1031 1814 variis
1049 1768 1102 1814 ea·

115 1839 252 1910 nmdem
275 1838 450 1936 speciebusr
484 1844 581 1910 Latus
596 1838 740 1911 Rectum
765 1837 922 1909 Parabolae
946 1838 1128 1934 cujusque,

115 1934 178 2008 effe
201 1933 357 2006 distantiae
381 1931 470 2007 istius
494 1936 603 2007 exacte
629 1933 858 2030 quadruplum.
908 1939 1020 2006 Latera
1033 1956 1102 2007 tan-

114 2031 192 2103 dem
209 2034 312 2104 Recta
328 2032 591 2130 Hyperbolarum
609 2057 715 2104 omnes
736 2035 818 2104 ultra
835 2031 1044 2130 quadruplam
1053 2060 1101 2105 ra·

117 2132 218 2200 tiones
228 2132 393 2210 obtineret
420 2153 480 2225 pro
496 2130 589 2201 variis
608 2150 719 2225 nempe
738 2129 907 2203 earundem
926 2128 1099 2227 speciebus.

115 2225 308 2298 Notandum
324 2237 337 2306 (
343 2226 392 2321 ς.)
406 2224 591 2313 Diametros
608 2248 716 2311 omnes
738 2225 767 2298 se
780 2227 961 2300 intersecare
975 2231 1007 2300 in
1022 2231 1100 2302 cir-

113 2322 195 2394 cul&
215 2329 248 2392 δι
266 2319 378 2419 Ellipsr
400 2324 432 2392 in
455 2321 566 2419 figurae
586 2324 806 2413 Centrointra
830 2326 1032 2408 Settionem3
1068 2334 1099 2397 a't

114 2444 157 2490 eo
169 2421 295 2516 longius
313 2446 331 2490 a
348 2421 468 2491 vertice
487 2422 520 2491 in
535 2417 649 2516 Ellipsr
663 2446 732 2512 quo
753 2423 836 2493 illan
858 2422 981 2495 circulo
998 2424 1030 2494 in
1047 2420 1100 2507 di·

114 2515 243 2586 versum
261 2518 385 2614 longius
404 2517 486 2587 abit:
515 2525 552 2605 ln
566 2515 1099 2607 ParabolaDiametros'onmeseffe

115 2613 198 2684 inter
207 2611 235 2684 se
247 2620 280 2684 &
291 2614 342 2685 axi
351 2614 504 2709 parallelas
515 2620 534 2683 ε’
552 2619 590 2684 In
603 2615 792 2710 Hyperbola
801 2637 907 2687 autem
915 2617 1099 2689 Diametros

116 2733 223 2780 omnes
234 2708 263 2782 se
273 2709 451 2782 intersecare
460 2730 549 2781 extra
561 2711 752 2791 Seffionem,
778 2713 1099 2784 incommunicentro

116 2807 304 2889 sectionum
321 2804 549 2904 oppositarum.
600 2805 793 2896 Notandum
803 2817 874 2903 (4.)
899 2803 1100 2880 Eameffein

113 2904 264 2974 omuibus
301 2901 385 2975 hisce
409 2901 521 3002 figuris
551 2926 733 2977 curvaturae
758 2903 872 2976 focum
907 2903 1099 3000 respicientis

113 3001 283 3080 rationem,
308 3021 346 3093 ut
363 3024 424 3097 pro
443 2998 590 3095 distantia
610 3028 626 3074 a
647 3000 725 3072 foco
746 3003 836 3073 autu
855 3003 908 3075 vel
926 3000 1098 3084 diminuta,

113 3118 287 3171 curvatura
311 3097 457 3185 etiamin
482 3095 592 3171 eadem
611 3099 731 3171 ratione
757 3125 796 3172 au
815 3118 908 3172 'eatur
927 3102 980 3172 vel
998 3098 1099 3172 dimi.-

113 3215 246 3265 nuatur.
282 3197 592 3287 ,Quanquamenim
621 3217 751 3292 propter
776 3126 1002 3290 ofiliqu'itatem
1029 3209 1099 3267 ta'n·

112 3291 264 3387 gentium
280 3288 658 3388 curvaturaplerumque
674 3293 844 3376 inminori
862 3293 966 3365 afoce
979 3289 1098 3363 distar-

112 3389 160 3458 tia
174 3385 324 3460 videatur
334 3387 448 3480 major,
473 3396 507 3465 ὅ(
523 3388 685 3480 ‚inmajore
702 3392 818 3470 minor,
842 3403 945 3463 tamen
970 3393 1098 3461 Curva-

113 3505 191 3555 tura
207 3509 283 3558 vera
301 3508 362 3576 „per
386 3484 537 3569 subtensae
561 3488 667 3583 anguli
699 3489 862 3578 contactus
897 3513 914 3558 a
941 3483 1097 3558 distantiae

117 3582 238 3653 ratione
258 3578 471 3655 differemiam
489 3579 679 3669 definienda,
709 3582 756 3657 est
772 3600 914 3656 econtra
936 3585 968 3654 in
985 3581 1098 3672 majori

118 3675 263 3750 distantia
274 3678 387 3766 major,
413 3681 624 3751 &inminere
643 3681 759 3760 minor,
785 3676 1097 3775 &inipsadistantiae

116 3776 218 3850 auae
236 3777 289 3849 vel
301 3772 471 3850 dianinutae
487 3779 606 3857 ratione
625 3775 727 3863 major
746 3777 914 3858 minorve3
943 3777 992 3849 uti
1007 3776 1095 3872 prius

655 3875 687 3942 C
711 3899 736 3969 4
1002 3896 1098 3943 armo·
