2452 4366
110 244 183 317 294
389 216 823 287 PMLECTJONES
886 249 889 255 ·

106 355 192 430 srstat
207 356 237 426 in
250 349 362 424 eadem
373 354 493 423 ratione
500 378 512 434 3
542 353 576 442 Si
587 351 668 422 ultra
678 348 935 449 Aunosphaeram
949 348 1101 430 nostrami

107 457 203 555 ipsam
210 476 343 546 quoque
356 448 443 544 quasi
454 452 486 521 in
499 446 662 521 infinitum
674 447 831 547 gradatim
843 450 1061 528 rarescentem‚
1071 450 1105 519 in

108 554 219 632 coelos,
228 552 284 622 ubi
293 545 618 647 pondusveldensrtas
629 546 742 628 medii,
755 550 787 619 in
801 573 870 640 quo
883 550 1015 638 Psanetae
1026 569 1105 633 mos

111 670 240 729 ventur,
250 647 445 719 diminuitur
457 647 489 718 in
502 645 703 727 immensum,
709 645 923 745 respiciamus,
934 641 1106 717 resrstentia

112 749 235 821 tantissa
246 748 309 818 erit
321 766 358 815 ut
375 768 431 842 per
444 744 603 816 mislennia
621 746 744 838 aliquot
762 745 820 815 vix
840 740 956 817 evadat
976 741 1103 814 sensibi-

110 849 171 920 Iit:
199 847 249 916 uti
266 867 374 916 revera
391 839 485 914 fuisse
500 839 709 914 insensibilem
726 863 834 914 motus
851 841 995 915 coelestes
1008 841 1026 910 d
1039 841 1103 938 pri-

112 945 173 1016 mis
189 941 403 1013 Astronomiae
417 940 615 1012 incunabulis
634 937 697 1013 srne
708 941 842 1013 notabili
859 943 1038 1014 mutatione
1050 955 1110 1010 aut·

112 1041 232 1134 jasium
250 1037 419 1131 hucusque
438 1035 634 1136 persistentes
651 1040 816 1110 evincunt.
859 1040 862 1046 ’
950 1039 970 1047 ”
1076 1040 1080 1047 ’

162 1140 366 1209 aradorium.
416 1141 506 1209 Cum
524 1137 654 1207 veroin
672 1156 814 1235 tempore
832 1134 961 1222 infinito
981 1134 1110 1232 perexi-

115 1232 455 1334 guaistaResrssentia
468 1233 493 1304 sr
508 1259 571 1327 qua
586 1231 637 1314 fit,
654 1258 762 1305 omnes
774 1232 849 1306 istos
862 1254 970 1306 motus
985 1229 1110 1304 debue-

120 1337 165 1406 rit
179 1331 345 1412 retardare,
370 1331 557 1428 penitusque
573 1329 690 1413 sistere,
716 1334 817 1429 palam
828 1331 875 1404 est
886 1358 926 1404 ex
934 1329 991 1403 ista
1000 1328 1111 1428 hypo-

115 1430 198 1504 thesr
213 1429 407 1502 hodiernum
416 1432 573 1501 coelorum
582 1427 699 1501 statum
712 1452 770 1501 nee
784 1433 803 1517 I
815 1451 903 1529 parte
916 1451 986 1501 ante
1001 1424 1108 1508 fuisse,

117 1551 175 1601 nec
196 1531 212 1597 I
231 1548 316 1625 parte
333 1525 403 1624 post
424 1528 575 1600 futurum
596 1547 761 1599 aeternum.
812 1528 1108 1615 Praesertimautem

117 1624 182 1698 hoc
201 1627 333 1695 omnino
353 1625 472 1699 valebit
493 1627 554 1696 alio
575 1626 716 1704 nomine,
743 1623 767 1696 fi
788 1650 900 1723 nempe
915 1627 984 1696 vim
1003 1626 1111 1721 gravi-

121 1725 193 1795 tatis
213 1724 244 1794 in
262 1745 330 1800 tota
346 1747 453 1795 rerum
466 1719 698 1818 Universum,
719 1728 752 1794 ἃ
776 1748 839 1795 non
859 1744 984 1795 rantum
997 1722 1032 1792 in
1049 1726 1112 1818 Sy·

124 1818 252 1894 stemate
266 1821 365 1891 Solari
378 1821 535 1901 obtinere,
561 1844 637 1891 cum
651 1824 831 1902 Newtono‚
856 1819 1039 1892 statuamus.
1078 1819 1112 1889 Si

122 1921 207 1990 enim
221 1920 309 1989 Fixa
322 1916 430 2000 stelle,
444 1916 509 1989 srve
524 1921 622 1998 Soio,
634 1942 710 1989 cum
727 1913 860 1991 Planetis
874 1920 934 1990 suis
950 1913 1113 1989 Cometis-

122 2041 188 2112 que
202 2017 417 2109 qualicunque
436 2008 577 2088 existunt
587 2041 730 2096 numero,
755 2015 855 2088 modo
872 2041 935 2087 non
951 2011 992 2084 fit
1005 2012 1115 2085 infini-

79 2191 83 2197 ,
125 2136 190 2193 tus,
201 2115 379 2187 Gravitatis
391 2117 425 2186 vi
438 2114 573 2205 subjedi
586 2113 715 2192 fuerint,
723 2114 820 2211 longo
826 2112 959 2185 demum
968 2133 1114 2208 tempore

127 2214 175 2282 vis
193 2209 249 2282 issa
272 2235 307 2280 ea
327 2214 433 2282 omnia
452 2236 513 2282 una
534 2208 749 2291 contraxisset,
774 2219 808 2282 δε
827 2213 859 2284 in
875 2206 1030 2286 Universa
1041 2233 1114 2307 gra-

127 2309 234 2379 vitatis
240 2327 353 2378 centro
359 2310 523 2380 communi
531 2307 848 2408 congestaqoiescere·
855 2305 998 2404 iuffisset.
1011 2301 1116 2396 Quod

128 2408 225 2478 etiam
243 2428 384 2502 tempore
400 2406 527 2479 infinito
538 2405 653 2479 futuro
670 2432 710 2478 ex
724 2405 839 2479 eodem
850 2401 1037 2506 hypothest,
1052 2399 1118 2473 fine

127 2506 260 2578 Divinae
283 2502 499 2576 Providentia
513 2503 713 2603 interpositu,
738 2501 905 2577 necessario
924 2501 971 2576 est
984 2522 1120 2575 eventu-

128 2629 213 2675 rum.
265 2606 319 2673 Ut
335 2605 442 2696 itaque
466 2603 600 2674 Praesens
621 2629 730 2674 rerum
751 2599 848 2686 status
868 2612 1010 2700 tempore
1028 2612 1119 2671 certo

130 2703 244 2799 coepit,
269 2701 287 2770 ὲ
312 2702 380 2771 Dei
399 2708 449 2773 Ο.
466 2704 521 2773 Μ.
535 2723 619 2772 nutn
641 2707 675 2772 &
696 2703 837 2799 potentia
858 2697 1024 2772 inchoatus
1036 2724 1048 2780 3
1076 2700 1118 2791 ita

130 2797 259 2870 tandem
279 2797 450 2893 aliquando
464 2798 533 2879 fieri
550 2799 654 2896 potest
678 2820 716 2870 ut
735 2797 832 2870 sinem
850 2797 1013 2893 sortiatur:
1040 2796 1115 2866 cum

128 2895 250 2967 scilicet
267 2899 472 2994 Benepsacito
496 2899 624 2980 Divino
648 2893 684 2968 id
702 2895 805 2969 visum
824 2896 944 2968 fuerit:
973 2890 1034 2963 fine
1057 2915 1115 2962 cu·

128 2990 180 3083 jus
198 2993 294 3062 etiam
304 2997 431 3089 perenni
455 2996 588 3068 afflone,
614 2991 708 3066 unde
724 2996 785 3067 Vis
805 2991 875 3065 haec
891 2987 1030 3066 miranda
1047 2992 1119 3084 grai

128 3088 236 3161 vitatis
251 3087 410 3186 dependet
424 3113 503 3171 tota,
528 3117 566 3162 ne
587 3094 758 3164 minimum
773 3093 927 3190 temporis
948 3088 1120 3190 spatiolum

128 3186 299 3285 perdurare
311 3187 427 3282 potest.
493 3222 497 3228 ·
625 3206 627 3210 ’
658 3220 663 3228 ·
1113 3195 1116 3198 ’

181 3291 414 3359 LXXXVIII.
442 3291 628 3359 Commune
655 3309 800 3359 centrum
820 3284 984 3386 gravitatis
995 3288 1123 3364 Terrae,

133 3385 225 3461 solis,
245 3391 279 3455 &
306 3386 502 3456 Planetarum
521 3386 669 3456 omnium
682 3390 738 3458 aut
756 3385 905 3478 quiescit,
930 3403 987 3456 aut
1010 3398 1124 3455 movess

131 3502 188 3551 tur
205 3482 408 3555 uniformiter
426 3485 458 3555 in
477 3485 556 3554 linea
575 3484 669 3553 resia.
727 3487 806 3554 Hoc
826 3506 867 3554 ex
883 3483 971 3578 prius
990 3478 1125 3551 demon-

133 3576 234 3678 stratis
253 3583 369 3674 liquet.
418 3587 538 3674 Neque
557 3580 626 3651 sane
646 3582 715 3653 usso
738 3602 827 3653 certo
850 3578 974 3665 indicio
996 3596 1122 3676 apparet

135 3694 246 3748 utrum
271 3680 413 3771 quiescat
440 3704 476 3750 an
500 3699 679 3750 moveatur.
729 3682 808 3770 Hoc
836 3699 962 3750 tantum
986 3673 1122 3754 statuere

133 3773 222 3862 sicet,
247 3778 351 3868 Quod
371 3777 576 3850 simoveatur
588 3773 735 3850 centrum
757 3774 850 3855 illud,
876 3773 1001 3854 &cum
1013 3800 1055 3857 eo
1067 3778 1128 3845 So·

133 3867 200 3995 sare·
216 3870 430 3975 Sysiema'ut
457 3896 628 3950 moveatur
651 3871 703 3961 est
731 3870 861 3947 necesse.
910 3873 1015 3946 Stelsae
1041 3872 1127 4041 qqim'

136 3977 159 4003 Ἀ
245 4004 253 4022 -.
325 3994 359 4027 ι-,;
396 4011 424 4026 .,
461 3982 606 4027 *aix-1„
659 3977 862 4024 'neuim‘
1075 3967 1126 4040 χώ

978 4118 982 4126 ‚
1054 4068 1128 4116 {ilsat'
