2484 4366
270 173 957 285 amireo-MArnrMAricae.
1031 228 1103 302 ης

109 343 179 418 levi
190 340 360 416 dumtaxat
369 361 463 436 opera
482 335 514 409 in
532 333 707 409 transcursu
725 339 938 434 attinguntur.
987 342 1103 432 Atque

114 441 184 514 hac
196 437 475 539 inpraesentiarum
488 432 650 545 haetenus.-
699 435 885 529 Reliquam
907 438 1105 525 Terminuu

112 540 260 637 proxime
273 536 425 608 futurum
435 531 670 604 reservabmus.
1089 535 1094 541 ’

187 631 331 706 Decemb.
349 655 403 701 11.
435 654 535 728 1704.

565 853 669 922 XIII.
1123 917 1126 925 .

113 996 197 1066 XV.
314 992 421 1062 Rom
436 1010 513 1085 quas
531 993 677 1086 Corpora
692 990 728 1100 in
744 1011 844 1087 gyros
862 990 929 1059 ada
948 985 1043 1061 radiis
1062 984 1105 1060 ad

331 1087 497 1158 immobile
509 1106 655 1158 centrum
667 1084 899 1159 vurumdudis
907 1083 1106 1167 describimt,

118 1186 198 1256 &in
215 1185 312 1283 planis
327 1183 545 1256 immobilibus
563 1180 749 1263 confistunt,
773 1189 808 1254 δι
824 1181 896 1254 sunt
908 1183 1108 1280 temporibus

115 1282 376 1380 proportionales,
390 1287 424 1351 δι
439 1280 517 1353 dato
531 1301 675 1378 tempore
687 1280 809 1381 ubique
821 1281 974 1374 equalest
1000 1299 1109 1352 motio

115 1402 230 1474 nempe
243 1378 411 1450 velocitate
427 1374 614 1450 indistantia
627 1380 770 1458 minore,
797 1374 991 1449 &tarditate
1010 1375 1109 1448 indi·

114 1474 228 1548 stantia
246 1473 364 1565 majore
383 1499 521 1548 arearum
539 1473 784 1574 descriptionem
797 1477 839 1546 ita
851 1473 1048 1554 moderante,
1068 1491 1109 1546 ut

114 1598 158 1644 ex
171 1573 266 1643 variis
295 1568 358 1644 istis
382 1569 536 1643 distantiis
560 1568 637 1642 dato
660 1593 803 1671 tempore
828 1574 912 1644 nulla
936 1569 1108 1670 spatiorum

115 1667 338 1768 percursprum
357 1666 535 1753 differentia
548 1691 688 1761 unquam
702 1672 835 1742 oriatur.
1103 1686 1107 1693 '

166 1762 346 1837 Dividetur
365 1767 450 1837 enim
476 1787 602 1861 tempus
615 1764 759 1862 inpetres
779 1765 925 1858 aquales,
951 1770 986 1834 δε
1005 1764 1108 1860 prima

117 1863 279 1957 temporis*
286 1882 371 1958 parte
382 1861 538 1935 describat
548 1883 663 1958 corpus
677 1863 712 1933 vi
724 1858 826 1940 insita,
848 1858 914 1931 {ive
926 1879 1020 1930 motu
1030 1883 1109 1957 pro·

117 1959 467 2051 jectiliredamdineam
479 1959 628 2064 Qamvis
640 1961 718 2028 AB.
750 1954 843 2029 Idem
851 1951 1116 2055 corpussecunda-

121 2055 238 2149 aquali
256 2059 404 2154 temporis
420 2079 518 2154 parte,
530 2047 563 2124 ''sr
577 2052 979 2154 nihilimpediret,&nulla
991 2055 1049 2126 alia
1060 2050 1111 2122 vir

128 3270 259 3407 urgeret
277 3306 362 3377 recta
386 3304 426 3378 ad
447 3333 465 3376 c
486 3329 641 3406 pergeret,
662 3306 838 3381 describens
851 3309 963 3380 lineam
989 3317 1036 3380 Bc
1055 3270 1114 3408 ipsi

127 3413 201 3480 AB
221 3404 387 3498 aqualem,
403 3401 482 3489 adeo
496 3426 533 3477 ut
550 3403 643 3486 radiis
655 3405 696 3477 ad
715 3427 860 3479 centrum
873 3413 900 3473 S
909 3405 1019 3489 ,ductis
1039 3433 1117 3480 con·

127 3505 225 3579 feciae
235 3499 342 3572 forent
356 3504 489 3592 aequales
504 3527 581 3574 areae
589 3511 657 3574 AS
663 3510 699 3575 B.
714 3511 805 3574 BSc.
832 3508 958 3575 Verum
972 3505 1028 3576 ubi
1043 3529 1116 3575 cor-

128 3625 189 3700 pus
203 3595 245 3669 ad
261 3599 416 3695 punctum
432 3604 465 3667 B
477 3602 565 3672 venit
576 3623 648 3698 agat
666 3603 714 3672 vis
736 3601 919 3697 centripeta,
940 3601 1005 3673 sive
1023 3621 1119 3677 attra-

132 3691 959 3893 nutriendorum
975 3697 1120 3872 edna

446 3946 449 3953 ·
647 3952 652 3962 ·
835 3950 839 3957 ·
987 3940 992 3947 ·
1027 3917 1120 3992 qu&

1226 4058 1236 4159 i
