2452 4366
1 1864 2 1867 ¹
117 1777 239 1852 riodica
250 1778 320 1850 sunt
333 1780 365 1849 in
376 1779 496 1849 ratione
511 1777 704 1872 sesquialtera
716 1777 930 1851 mediocrium

108 179 203 290 27ss
389 142 817 259 instructionis

112 323 134 394 s
152 303 288 392 llematis
303 317 374 389 veri
389 301 469 398 adeo
486 325 631 414 gnarum,
656 324 779 388 t‘ant'um
800 306 865 389 olei
887 319 922 388 δι
944 343 965 389 ο
985 316 1046 390 eris
1070 317 1107 391 in'

131 417 198 490 allis
210 416 275 490 istis
288 415 416 508 aliisque
430 412 465 485 id
476 438 573 512 genus
590 415 776 512 imaginariis
791 340 1025 512 hypothesibus
1037 432 1106 488 tra-

115 513 227 588 dendis
246 509 478 585 &exornandis
496 510 649 582 insumere
663 515 804 584 animum
822 509 977 585 induxisse
994 511 1103 584 suum.

118 614 196 688 Ubi
206 632 294 684 certo
302 613 416 683 certius
428 606 548 680 constat
558 610 815 704 Copernicanum
828 611 1021 683 Planetarum
1031 616 1105 681 Or-

116 709 226 784 dinem
238 714 365 781 Verum
383 704 443 778 elle
457 712 490 776 &
501 707 697 802 genuinum3
723 707 920 803 reliquasque
937 704 1101 805 hypothe-

114 807 159 899 ses
175 807 302 880 fiditias
315 807 402 904 plane
418 799 480 874 esse
501 803 622 875 cerebri
640 801 771 875 humani
790 804 909 887 faetus3
934 803 1099 898 Quorsum

117 907 213 1002 ipsam
226 906 391 976 veritatem
402 903 495 972 meris
512 901 645 982 umbris,
665 908 699 973 δι
712 902 855 974 naturam
869 925 977 975 rerum
993 900 1104 974 infice-

117 1006 159 1075 tis
177 998 347 1073 mendaciis
360 998 535 1070 immiscere
552 996 732 1071 studemus}
760 1001 904 1072 Exulent
923 1003 1045 1092 itaque,
1071 1001 1106 1071 in

117 1122 270 1172 aeternum
291 1098 433 1176 exulent,
459 1094 624 1193 systemata
643 1094 698 1167 isla
715 1095 878 1189 quondam
899 1093 1105 1178 nobilissimi,

115 1194 280 1291 quondam
310 1194 511 1266 celeberrima
536 1193 554 1263 ὲ
579 1217 692 1290 campo
716 1191 824 1265 nostro
853 1193 1103 1269 Astronomicoz
1146 1213 1148 1231 ²

119 1303 154 1366 δι
167 1293 371 1366 Admittatur
381 1288 462 1363 illud
471 1291 583 1371 solum,
609 1293 786 1372 excolatur,
803 1289 1105 1382 exornetur,‘Qrod

115 1416 224 1464 rerum
241 1387 441 1461 conditarum
458 1413 536 1459 vero
552 1386 671 1469 ordini,
695 1388 841 1481 verisque
858 1387 958 1462 causls
976 1410 1103 1462 nature·

114 1489 199 1561 libus
218 1488 311 1558 unice
334 1483 574 1582 correspondere
597 1482 724 1557 tandem
748 1485 918 1580 aliquando
938 1489 1020 1586 grati
1045 1510 1100 1589 ag·

115 1582 284 1657 noscimus.
335 1580 397 1654 Sed
409 1581 479 1654 haec
494 1582 626 1656 Obiter.

165 1683 292 1754 LXXI.
319 1681 516 1753 Planetarum
536 1680 588 1752 sex
609 1682 838 1754 Primariorum
861 1684 950 1752 Tem
972 1707 1027 1753 ora
1043 1685 1101 1752 Pe·
1143 1702 1148 1745 1

941 1704 1103 1850 distantia·

115 1878 218 1950 rumi
233 1877 317 1947 Sole.
366 1878 450 1945 Haec
479 1875 498 1946 ἆ
525 1878 665 1974 Keplero
691 1878 830 1972 primum
856 1879 981 1948 inventa
1007 1877 1101 1957 ratio,
1145 1915 1148 1958 1

116 1970 328 2067 Philosophiae
353 1973 576 2045 Newtonianae
604 1980 726 2054 Parem,
757 1975 789 2046 in
812 1970 952 2045 confesso
974 1973 1103 2064 jamjam
1146 1986 1148 1995 ’

117 2070 164 2142 est
172 2067 257 2168 apud
265 2093 383 2140 omnes.
421 2073 473 2139 Ac
487 2067 527 2140 de
541 2074 744 2168 Temporum
758 2068 1000 2142 Periodicorum
1014 2095 1103 2142 men-

116 2168 187 2239 sura
201 2168 351 2239 convenit
370 2168 453 2238 inter
472 2165 683 2238 Astronomos
703 2166 901 2240 Universos:
930 2171 1101 2265 Magnitu-

116 2263 205 2337 dines
220 2283 325 2335 autem
348 2263 493 2336 Orbium
508 2261 600 2337 Idem
616 2267 771 2362 Keplerus
786 2272 821 2337 δι
841 2263 1016 2338 Bullialdus
1028 2291 1101 2336 om·

115 2363 205 2434 nium
216 2358 453 2458 diligentissime
462 2385 501 2430 ex
514 2360 783 2435 observationibus
794 2361 1104 2435 determinaverunts

117 2467 153 2532 δι
179 2456 334 2531 distantiae
355 2457 530 2530 mediocres
549 2484 623 2552 quae
647 2461 845 2558 temporibus
863 2457 1105 2558 periodicisre-

118 2555 272 2656 spondent
284 2580 347 2627 non
366 2552 520 2628 differunt
545 2555 730 2630 sensrbiliter
750 2560 767 2630 i
787 2557 944 2631 distantiis
959 2582 1036 2651 quas
1057 2561 1106 2631 illi

117 2653 344 2728 adinvenerunt
350 2681 361 2736 3
389 2652 523 2747 suntque
544 2656 625 2728 inter
638 2655 714 2751 ipsas
725 2657 939 2752 utplurimum
954 2656 1105 2730 interme·

114 2752 192 2836 diae,
218 2754 268 2826 uti
285 2753 316 2824 in
333 2750 458 2824 Tabula
469 2752 615 2846 sequente
629 2751 739 2846 videre
751 2754 839 2825 licet.
1070 2752 1071 2755 ’

285 2949 480 3019 Planetarum
497 2945 635 3038 dtstamtae
647 2947 801 3019 mediocres
818 2945 839 3017 ὰ
856 2949 933 3020 Sole.
947 3032 980 3056 N

363 3130 469 3180 Sarum.
513 3120 585 3200 Jup.
637 3131 723 3182 Mart.
774 3130 864 3182 Tem.
912 3133 970 3184 Ven.
1017 3129 1105 3194 Merc.

1 3282 3 3286 .
116 3223 169 3277 sec.
187 3217 331 3298 Keplerum.
357 3231 470 3292 951000
490 3227 604 3294 519650
627 3232 741 3295 152350
763 3234 872 3279 100000
893 3234 986 3295 72400
1007 3224 1106 3292 38806

114 3297 471 3372 Sec.Bullr'aldum.954198
491 3315 605 3374 522520
629 3313 741 3374 ¹5²350
764 3318 871 3357 100000
892 3301 987 3378 72398
1008 3302 1105 3377 38585

113 3374 469 3460 Sec.Temp.Period.953806
490 3381 605 3451 520116
625 3387 740 3452 152399
761 3392 870 3437 100000
890 3393 985 3454 72333
1011 3377 1106 3458 38710

166 3535 365 3607 Planetirum
379 3553 485 3605 autem
492 3536 592 3606 Veros
601 3530 752 3604 Periodos
766 3533 830 3623 jam
843 3529 1009 3616 dabimus:
1035 3534 1103 3606 Di·

26 3627 32 3660 ,›
119 3625 240 3703 slantias
262 3635 358 3705 etiam
380 3632 486 3702 isole
513 3631 605 3702 Veris
629 3631 800 3727 proximas,
826 3656 868 3703 ex
890 3632 1035 3728 puallnxi
1054 3632 1106 3703 ni·

118 3725 237 3799 mirum
255 3732 396 3803 Telluris
408 3725 632 3802 Flamslediana
649 3752 691 3801 10
702 3727 930 3804 secundorum,

1010 3929 1104 3996 Mer-
