2484 4366
270 187 954 261 PHrSlco-MATHEMATIQAE.
1063 206 1113 290 69.

115 356 161 398 ε
180 320 364 420 8partium,
383 320 525 416 quor'um
543 340 693 392 motuum
712 316 890 392 differentia
906 319 953 391 est
969 325 1109 420 partium

119 441 274 512 quatuor,
299 443 373 514 quae
390 419 486 490 etiam
496 439 563 489 erat
574 438 725 490 motuum
745 439 813 488 ante
830 420 998 490 occursum
1011 421 1110 495 diffe-

122 519 229 589 rentia.
277 524 482 614 Qapropter
506 519 538 587 in
554 513 618 586 hoc
640 514 710 588 casu
729 517 886 608 quantitas
905 539 1013 589 motus
1033 545 1108 614 quae

121 615 290 711 roisigitur
306 611 459 712 capiendo
479 610 691 686 differentiam
714 612 865 684 motuum
886 611 1047 689 saeorum
1067 604 1113 692 aas

114 733 221 808 partes
237 713 406 783 contrarias
422 736 483 782 non
503 712 647 783 mutatur
669 711 707 782 ab
728 712 851 782 aetione
868 735 1039 808 corporum
1059 717 1107 789 in·

112 828 162 879 ter
173 808 228 880 se:
257 830 351 903 atque
366 808 445 880 adeo
456 811 487 879 in
503 810 691 905 corporibus
710 811 842 902 oblique
858 809 1109 908 impingentibus

117 907 207 978 valet
221 903 291 978 haec
303 907 410 1005 regula
428 930 519 999 aeque
541 932 576 976 ac
595 908 627 977 in
639 908 676 978 iis
688 932 762 999 quae
776 904 895 977 direete
913 909 1012 1004 impin
1059 931 1107 985 nt.

114 1009 171 1074 Ex
198 1001 386 1094 hujusmodi
406 1024 512 1074 autem
538 1003 765 1075 reflexionibus
787 1004 865 1073 oriri
888 1006 984 1074 etiam
1021 1009 1108 1081 olent

117 1121 226 1172 motus
244 1103 409 1172 circulares
435 1124 606 1196 corporum
630 1104 714 1172 circa
742 1120 848 1172 centra
872 1103 1015 1199 proptia:
1044 1102 1107 1178 Sed

119 1195 180 1267 hos
199 1197 281 1270 casus
303 1197 548 1290 insequentibus
559 1224 621 1269 non
635 1224 715 1295 opus
733 1196 828 1268 estut
847 1195 1080 1272 confideremus
1094 1228 1104 1274 t

119 1296 255 1367 &nimis
265 1298 398 1395 longum
411 1291 600 1366 essetomnia
614 1294 862 1392 huespestantia
874 1293 1104 1369 demonstrare.

280 1464 440 1548 Lemma
466 1465 523 1547 ad
545 1463 688 1577 Legem
717 1485 839 1552 motus
870 1481 954 1572 25¹⁸.

119 1646 196 1812 SI
216 1641 311 1714 rebbae
327 1636 401 1711 duat
414 1639 569 1738 positione
583 1636 665 1711 datae
678 1641 756 1719 AC,
769 1644 835 1710 BD
847 1640 887 1713 ad
899 1641 971 1714 data
983 1646 1100 1737 punsta

195 1745 238 1808 A
257 1745 291 1807 &
313 1743 338 1804 B
356 1741 576 1816 terminentur,
601 1736 771 1828 datamque
791 1734 922 1808 habeant
951 1742 1106 1810 rationem

119 1833 328 1912 adinvicem,
355 1841 388 1904 &
408 1837 493 1905 resia
512 1841 578 1904 CD
596 1859 659 1927 qua
677 1835 794 1927 puneta
809 1832 1047 1907 indeterminata
1069 1842 1104 1906 C.

120 1939 164 2002 D.
188 1930 365 2027 junguntur
383 1930 505 2002 secetur
526 1933 558 2001 in
578 1934 697 2001 ratione
714 1927 787 2001 data
805 1931 890 2011 inK‚
915 1929 994 2003 dico
1013 1929 1106 2024 quod

119 2029 276 2125 punem
294 2032 329 2094 K
342 2028 500 2099 locabitur
515 2029 546 2096 in
564 2030 648 2098 resta
663 2026 819 2122 pofitione
838 2026 922 2100 data.
1124 2094 1127 2099 .

171 2130 370 2196 Concurrunt
396 2127 480 2195 enirn
500 2126 593 2194 reeta
619 2123 661 2208 (si
675 2149 738 2195 non
757 2123 817 2195 sint
840 2126 1009 2221 parallelae)
1037 2131 1109 2207 AC,

118 2229 155 2294 &
173 2224 286 2316 BDin
300 2222 421 2318 punsto
439 2229 487 2311 ἐξ
516 2228 550 2291 &
574 2224 681 2292 inBE
699 2224 840 2318 capiatur
856 2231 935 2304 BG,
961 2222 1001 2295 ad
1019 2229 1104 2305 ΑΕ,

102 3611 106 3617 ⁸
121 3567 221 3718 istest
232 3554 313 3728 Bb,
339 3645 384 3718 ad'·
396 3546 481 3719 ACG:
510 3647 622 3736 Sitque
636 3646 666 3708 F
668 3642 702 3709 D
716 3638 843 3727 aequalis
855 3637 886 3699 E
893 3636 930 3698 G.
980 3629 1027 3695 Et
1040 3614 1129 3735 triti--

122 3751 156 3814 E
164 3750 198 3820 C,
223 3742 262 3814 ad
280 3737 362 3824 GD,
387 3732 450 3813 hoc
463 3740 520 3822 est,
541 3737 581 3812 ad
604 3744 676 3815 ER·
701 3730 759 3830 ipfi
776 3738 845 3819 GD
863 3751 905 3837 ent
927 3715 1100 3835 hypothesi
1125 3760 1128 3767 ·

119 3841 289 3960 Qualem,
313 3862 351 3914 ut
367 3846 448 3928 AC,
465 3837 505 3913 ad
518 3842 597 3917 BD,
620 3830 764 4021 adeoque}
776 3830 808 3898 in
821 3819 1103 4013 ταῖιοηοάπαέῑξῗ
