2484 4366
118 139 192 217 286
397 138 854 211 PMLECTIONES

111 272 287 349 seriberent
305 270 440 366 aqualia
464 267 572 367 spatia,
635 267 726 343 riade
745 288 785 353 ut
803 266 849 339 fit
866 268 903 340 in
919 270 1100 367 gravibusu

113 371 176 447 hac
199 392 283 444 terta
303 366 418 441 nostra.
468 372 515 441 Et
602 392 654 439 ern
677 388 877 466 argumento
890 369 1029 441 Planetae
1046 373 1100 463 Cp·

114 467 304 547 ermisolares
324 467 364 540 ab
386 465 562 560 equalibus
583 465 601 535 l
627 466 698 537 Sole
721 463 889 537 distantiis
909 464 1045 555 dintiffi,
1065 466 1104 539 dt·

115 567 225 643 scensu
238 567 296 637 luo
314 567 346 637 in
361 564 468 637 Solem
485 563 660 658 equalibus
675 563 885 658 temporibus
904 568 1039 658 aqualia
1055 565 1106 663 lpa-

116 669 162 741 tia
179 663 403 739 describerent.
449 668 548 735 Porro
567 663 661 763 Jovis
680 668 713 731 &
733 665 870 733 Saturni
894 669 931 732 &
952 664 1108 737 eorundem

118 765 301 847 Satellitum
319 757 458 860 pondera
477 761 509 831 in
534 761 641 832 Solem
659 761 921 856 proportionalia
947 759 1010 834 elle
1022 785 1108 855 quan·

117 863 206 937 titati
224 862 365 933 materiae
388 881 510 940 earum,
529 878 614 955 patet
632 881 673 943 ex
692 878 786 929 tnotu
814 859 1014 931 Satelliturn
1030 884 1108 953 quam

119 962 259 1035 maxime
272 956 423 1056 regulati,
449 961 484 1026 &
507 955 712 1125 orbitisALovi
729 961 763 1026 &
786 960 941 1029 Saturno
961 955 1030 1029 fere
1050 980 1108 1031 ton·

119 1056 282 1129 centricis.
334 1060 423 1127 Nam
444 1050 603 1127 fihorum
650 1054 718 1147 ‘qui
739 1055 848 1150 magis
875 1053 1109 1146 traherennuit

120 1155 242 1235 solem,
303 1152 516 1246 oquantitate
529 1153 669 1223 materiae
683 1151 895 1243 suae,.quam
917 1155 1109 1239 emerim

118 1273 172 1327 tus
193 1177 373 1325 Sateilitutn
386 1274 428 1321 ex
446 1250 659 1343 inaequalitate
678 1250 884 1323 attullionis
903 1251 1110 1347 perturbatae

117 1372 193 1433 tur3
219 1355 255 1421 &
274 1350 442 1421 intantum
453 1344 586 1441 quidem
600 1346 866 1459 perturbarentur
880 1369 923 1419 ut
944 1346 989 1431 fi,
1003 1350 1110 1445 aquali·

119 1447 214 1523 busa
234 1446 307 1519 Sole
326 1442 497 1526 distantiis,
520 1465 658 1542 gravatas
676 1445 890 1517 acceleratrix
910 1447 1109 1525 Satellitistli·

116 1543 366 1642 cujusJovialis‚
388 1541 479 1615 verbi
492 1543 592 1640 gratia
610 1543 642 1614 in
657 1544 761 1633 Solem
781 1541 892 1634 major
906 1541 996 1618 esset
1010 1544 1106 1633 vdmi·

121 1666 183 1715 nor
199 1664 298 1734 quam
328 1641 464 1738 gravitas
488 1641 698 1713 ¹acceleratritt
726 1642 823 1742 Jovis
847 1642 884 1712 in
907 1645 1027 1717 Solem
1039 1662 1105 1740 pprtt

124 1759 252 1815 tantum
264 1735 432 1811 millesima
448 1739 549 1811 totius
569 1737 744 1836 gravitatis,
774 1762 816 1810 ex
841 1735 952 1835 ipfius
976 1737 1104 1815 Newtat'

118 1837 249 1911 calculo
267 1835 351 1909 foret
364 1833 512 1909 distantia
530 1837 631 1907 centri
644 1835 747 1907 Orbis
768 1837 963 1909 Satellitisa
982 1839 1052 1911 Sole
1058 1862 1104 1929 apr

121 1934 174 2027 jor
189 1937 243 2008 vel
260 1936 365 2007 minor
378 1958 477 2028 quam
487 1930 635 2007 distantia
646 1934 738 2034 Jovis
755 1931 774 2003 l
788 1935 868 2005 Sole
880 1957 984 2032 parte
996 1934 1104 2013 bis-nil

121 2031 233 2107 lestma
258 2029 414 2105 distantiat
438 2031 538 2103 totius
550 2057 562 2115 3
598 2032 630 2103 in
650 2028 875 2128 subduplieata
894 2029 1104 2107 nitnirumd'e

123 2129 247 2205 stantiae
260 2131 398 2214 ratione3
427 2126 461 2201 id
480 2125 540 2211 est,
566 2149 652 2226 parte
664 2129 776 2224 quinta
793 2125 968 2204 distantia
988 2131 1106 2219 Satellti

121 2229 240 2303 extimi
254 2229 272 2300 l
286 2248 398 2300 centro
432 2227 516 2299 ovis.
566 2233 651 2309 Quat
669 2223 804 2320 quidem
826 2226 925 2299 orbis
943 2227 1107 2302 eccenttici·

120 2346 169 2399 tas
188 2324 273 2396 foret
288 2323 381 2396 valde
394 2231 554 2396 infinitis.
606 2320 669 2397 Sed
690 2324 798 2396 Orbes
825 2327 1018 2399 Satellitum
1034 2324 1108 2426 Iovis

120 2424 193 2495 sunt
214 2425 294 2525 Jovi
314 2422 527 2504 eontentrici3
555 2427 770 2519 &propterea
791 2424 977 2520 gravitates
1012 2423 1108 2497 accele-

122 2522 253 2594 ratrices
271 2522 364 2620 Jovis
382 2526 417 2592 &
430 2521 609 2593 Satellitutn
625 2521 656 2590 in
673 2521 779 2591 Solem
796 2543 982 2612 aquantur
996 2518 1093 2601 interl
1102 2568 1108 2586 .

123 2622 172 2695 Et
195 2615 312 2690 eodem
335 2638 524 2716 argumento
550 2614 689 2714 pondera
719 2619 846 2690 Saturni
874 2625 915 2689 δι
951 2621 1110 2695 satellitum

122 2717 370 2809 ejusinsuem,
396 2715 600 2809 aequalibusa
614 2716 687 2788 Sole
698 2712 866 2795 distantiis,
892 2716 1112 2813 suntutquan·

31 2864 35 2873 ·
122 2817 231 2888 titates
239 2818 377 2900 materiae
392 2809 423 2885 in
436 2810 523 2911 ipfis.
572 2817 620 2885 Et
637 2811 775 2909 pondera
786 2819 890 2891 Lunae
911 2830 955 2889 ac
966 2802 1114 2889 Ter’reu

124 2915 233 2985 Solem
250 2914 365 3009 pariter
378 2911 449 2984 lunt
461 2936 571 2982 earum
583 2909 686 2983 mallae
701 2932 847 2983 accurate
859 2911 1116 3010 proportionalia

122 3007 255 3081 Eodem
272 3006 374 3081 modo
388 3034 436 3081 res
448 3007 507 3081 sese
522 3004 618 3081 habet
631 3007 741 3104 quoad
756 3007 895 3106 pondera
911 3014 1060 3106 partium
1069 3008 1118 3081 lin

123 3108 275 3206 gularum
304 3108 438 3179 Planetae
466 3103 623 3198 cujusque
653 3109 686 3179 in
712 3108 810 3181 alium
835 3131 1040 3203 quemque3
1066 3105 1118 3181 five

123 3225 227 3303 partes
239 3201 301 3275 sint
313 3210 455 3284 internae,
482 3201 548 3276 sive
561 3226 720 3279 externat:
749 3209 837 3277 Nam
852 3200 876 3274 li
891 3229 1005 3302 partes
1019 3209 1120 3300 aliqua

125 3304 212 3398 plus,
235 3304 304 3374 aliae
321 3302 426 3373 minus
439 3304 632 3398 gravitarent
645 3328 742 3399 quam
754 3327 814 3398 pro
827 3307 1019 3395 quantitate
1036 3326 1121 3378 mate·

124 3401 182 3472 riae
197 3403 312 3481 totius,
339 3401 464 3473 Planeta
481 3421 570 3473 totus
597 3403 650 3473 vel
677 3401 802 3473 Satelles
825 3423 884 3496 pro
914 3428 1043 3500 genere
1068 3427 1121 3501 pet·

31 3568 34 3574 .
65 3580 69 3586 ,
124 3499 211 3572 tium
236 3498 356 3592 quibus
382 3500 521 3572 maxime
542 3497 727 3579 abundaret,
751 3500 926 3596 gravitaret
948 3503 1063 3601 magis
1084 3497 1125 3571 vel

125 3600 336 3690 minusquam
345 3621 405 3694 pro
415 3599 592 3692 quantitate
608 3599 747 3669 materiae
760 3598 860 3669 totius
870 3623 881 3678 3
905 3602 1054 3674 omnino
1061 3623 1126 3673 cot·

128 3709 178 3765 tra
195 3697 431 3793 experientiam.
468 3693 551 3792 [Sed
565 3691 635 3771 haee
648 3691 818 3781 [haetenus.
845 3698 1044 3784 Corollaria
1056 3700 1131 3773 enim

988 3906 993 3912 .
1027 3794 1132 3893 liujus
