2452 4366
257 204 949 286 amaran-marrianam.
1037 240 1105 309 259

101 360 213 424 eoum
221 344 427 421 altimdinem
444 344 741 445 perpendicularum
760 349 923 441 aqualiter
942 352 1103 447 gravitan⁶

107 452 197 521 tium
202 472 216 530 3
241 444 310 518 sive
323 448 475 518 velocitas
488 445 594 543 genita
605 444 726 515 summa
743 448 953 518 velocitatum
967 444 1104 547 fingule-

110 568 184 619 rtuu
208 540 467 643 superficierum,
498 544 553 614 vel
571 544 725 613 velocitas
749 567 924 641 corporum
952 547 1108 639 dquiete·

107 640 370 717 descendentirun
395 639 594 735 equabiliter
614 641 722 711 autea:
762 647 809 714 Et
834 668 910 714 cum
929 645 1025 715 etiam
1044 668 1102 715 ve-⁴

109 742 223 814 locitas
239 740 399 837 Corporis
415 735 582 811 admidia
591 735 759 809 altitudine
779 738 994 813 descendentis
1014 739 1054 812 lit
1069 767 1107 812 ea

106 860 256 933 quacum
268 840 391 937 integra
399 834 537 913 altitudo
552 833 667 906 eodem
679 856 823 934 tempore
839 859 934 911 motu
951 838 1107 910 uniformi

107 934 252 1009 describi
268 933 413 1016 deberet,
438 930 657 1013 &abeodem
677 938 841 1033 gravitatis
860 939 995 1035 propriae
1011 958 1107 1008 exor-

110 1033 173 1107 dio
183 1034 334 1131 incipiens
349 1030 500 1126 aequabili
514 1056 549 1102 er
568 1032 676 1104 ausla:
705 1034 828 1126 Liquet
841 1033 972 1106 eandem
985 1036 1107 1106 veloci-

119 1148 218 1204 tatem
236 1130 416 1223 utrobique
434 1048 588 1243 gendari.
637 1131 724 1225 Quia
741 1155 821 1203 vero
837 1132 1021 1204 velocitates
1037 1158 1108 1203 cor·

113 1236 232 1327 porum
242 1226 504 1300 descendentium
521 1226 592 1298 sunt
612 1228 735 1321 ubique
749 1230 780 1302 in
793 1225 1012 1325 subduplicata
1029 1231 1106 1300 rati-

113 1352 173 1400 one
191 1324 415 1406 altitudinum,
440 1330 600 1396 Erunt&
614 1326 799 1397 velocitates
818 1322 1033 1406 effluentium,
1054 1326 1107 1398 iis·
1148 1415 1151 1419 ¹

115 1422 188 1499 dem
208 1424 358 1519 aquales,
384 1425 416 1495 in
431 1421 542 1495 eadem
556 1424 674 1502 ratione
688 1422 917 1520 subduplieata.
971 1428 1106 1497 OM.

160 1524 271 1595 Cornu
286 1526 358 1611 (t.)
386 1522 555 1608 Quantitas
564 1522 670 1631 itaque
677 1545 769 1615 aquae
776 1518 935 1593 effluentis
946 1498 1108 1634 q'rmtem·

116 1614 1107 1815 fflllt‘lll,llllllqltlulllllllpl:

114 1814 364 1915 pendiculariter
377 1814 581 1905 imminentis.
1208 1821 1209 1824 ’

162 1914 269 1985 canu
290 1916 362 2001 (2.)
390 1907 1110 2008 cmuautemaquaeffluensmotusuoprimo

113 2008 243 2083 sursum
255 2009 348 2081 verso
360 2007 661 2106 perpendiculariter
673 2006 811 2107 surgeret
826 2007 865 2080 ad
882 2006 1050 2081 dimidiam
1064 2010 1110 2099 alf¹
1210 2042 1215 2049 ·

114 2104 295 2181 tittrdinem
315 2130 332 2177 a
355 2129 406 2176 uae
425 2104 575 2178 foramini
595 2106 828 2185 incumbentis,
854 2100 1044 2202 consequens
1063 2104 1110 2177 est

111 2198 246 2299 quodsi
258 2130 441 2303 egrediatur
451 2204 584 2297 oblique
597 2226 653 2299 per
666 2204 804 2275 canalem
817 2203 847 2273 in
863 2204 941 2276 latus
950 2202 1109 2286 vasts‚de-'

110 2299 460 2395 scribereincipietins
474 2298 1110 2384 atiisnonrelistentibusParabolam‚cu·'

111 2398 167 2493 jus
179 2400 265 2471 latus
278 2399 405 2470 redum
420 2424 437 2469 a
473 2400 629 2471 verticem
642 2398 700 2471 ubi
717 2400 830 2494 incipit
849 2422 1029 2482 curvatura,
1055 2393 1108 2474 vel

111 2492 235 2571 desinit
245 2497 369 2576 canalis,
392 2498 559 2593 pertinens,
571 2492 618 2566 est
630 2494 728 2593 dupla
739 2494 878 2568 altitudo
889 2522 982 2593 aqua
994 2499 1027 2570 in
1041 2498 1114 2591 vase

112 2596 208 2693 firpra
229 2594 343 2666 canalis
369 2592 533 2666 orificium
539 2621 551 2676 ;
591 2598 625 2663 &
646 2593 738 2687 cujus
765 2592 920 2666 diameter
946 2592 1111 2667 horizonti

113 2690 383 2791 perpendicularis
395 2690 434 2762 ab
448 2690 578 2763 orisicio
589 2692 646 2764 illo
660 2690 811 2763 ducitur:
832 2713 928 2785 atque
939 2691 1112 2764 ordinatim

112 2790 282 2891 applicatae
291 2791 442 2887 parallelae
454 2790 524 2861 sunt
534 2790 675 2886 tangenti
687 2812 742 2885 per
755 2792 866 2861 canalis
879 2806 971 2861 axem
990 2786 1112 2862 dueiaea

164 2888 274 2959 leL
289 2893 360 2982 (ς.)
386 2889 475 2960 Data
489 2912 566 2985 ergo
583 2886 726 2984 parabola
745 2884 784 2955 ab
798 2910 878 2981 aqua
892 2884 1043 2959 effluente
1054 2886 1114 2960 de-

116 2984 247 3083 scripta,
272 2982 368 3055 datur
378 3008 440 3056 una
456 3008 548 3078 aquae
560 2985 591 3054 in
604 2985 674 3056 vase
696 2998 854 3056 contenta
874 2984 1012 3059 altitudo
1025 2984 1113 3084 supra'

117 3082 264 3155 solamen
273 3079 557 3179 perpendicularis3
571 3105 683 3180 nempe
695 3081 795 3154 lateris
808 3084 889 3156 recti
901 3083 941 3157 ad
955 3087 1112 3158 verticem

117 3176 256 3277 egressus
264 3180 448 3275 pertinentis
461 3177 609 3252 dimidia.

172 3272 273 3347 orell.
291 3278 360 3374 (4.)
387 3281 420 3351 Si
432 3303 513 3372 aqua
525 3300 579 3375 per
594 3274 731 3347 canalem
749 3276 913 3351 horizonti
930 3276 1112 3376 parallelum

120 3392 124 3398 '
219 3374 227 3387 '
246 3392 314 3455 tur,
329 3377 484 3468 quoniam
496 3374 637 3448 fundum
653 3371 734 3445 valis
752 3379 912 3473 integrum
925 3374 983 3457 est,
1010 3372 1044 3449 dt
1063 3402 1114 3447 ca-

161 3494 198 3543 m
216 3494 309 3565 aquae
325 3472 539 3545 incumbentis
562 3469 714 3570 pressrone
730 3476 851 3569 ubique
872 3491 1019 3572 urgetur,
1037 3452 1113 3545 acsi

119 3588 202 3663 aqua
218 3590 285 3639 non
304 3567 476 3653 efflueret;
504 3584 558 3642 va's
579 3568 741 3641 sustinebit
755 3571 877 3668 pondus
893 3594 983 3664 aqua
998 3573 1112 3656 totius,

121 3663 344 3761 uorrobslante
362 3665 512 3739 effluxu:
541 3666 602 3738 Sed
622 3669 702 3740 latus
722 3668 813 3748 vafis,
839 3668 880 3741 de
901 3696 970 3763 quo
994 3667 1112 3755 effluit,

122 3758 366 3836 nonsullinebit
389 3762 573 3855 pressionem
594 3768 679 3837 illam
694 3792 821 3838 omnem
834 3791 932 3860 quam
952 3766 1115 3842 sustineret

119 3856 148 3933 fi
166 3872 249 3957 equa
268 3880 334 3937 uon
353 3861 511 3968 efflueret.
563 3865 723 4032 TolleturS
736 3865 820 3935 enim
836 3863 950 3963 pressia
965 3870 1115 4030 partialild

752 3986 769 4030 2
1066 3986 1114 4031 rus
