2452 4366
242 264 935 339 persolvo-MATHEMAMAE.
1021 274 1090 362 251'

91 384 185 473 nau
206 398 377 471 lominore
392 412 586 469 contentam.
611 392 737 465 Etexh
765 392 890 493 pothefi
901 393 994 489 quod
1004 422 1096 471 com-

97 514 163 595 pre
198 522 220 569 o
238 498 273 569 in
283 494 400 567 dotum
409 494 545 593 spatium
564 494 704 564 exercita
721 420 809 564 siin
823 494 1005 568 universum
1018 494 1099 569 den·

104 590 190 667 finti
204 586 249 667 nd
261 584 411 667 anruffim
419 592 674 691 proportionalis,
698 590 760 661 erit
774 592 896 759 incepta
910 591 1100 691 compreffio

104 692 340 791 peniculum
359 688 425 762 five
440 691 522 760 vires
535 690 778 784 comprimentes
797 690 827 758 ei
851 713 903 760 ern
916 694 1099 787 proportio-

99 788 182 863 Mle's
203 788 349 861 incubo
365 788 488 859 minore
512 788 544 857 in
565 786 686 857 ratione
706 786 836 881 noiupla
863 786 1100 884 compreffionis

100 882 171 959 five
191 886 316 957 virium
333 884 617 981 comprimentium
631 886 663 955 in
682 880 812 971 majore.
839 880 902 955 Sed
918 882 953 955 su
994 884 1100 957 rficies

101 986 245 1079 integro
267 988 333 1079 qua
347 980 387 1053 fit
404 978 605 1078 compreffim
617 981 670 1051 vel
683 908 1022 1091 superficierquaciiiti
1038 1009 1098 1055 cu·
1123 1066 1131 1085 ·

102 1078 210 1173 jurvis
222 1079 354 1153 incubo
367 1080 503 1157 minore,
528 1076 575 1149 est
590 1074 631 1151 ad
649 1075 847 1174 superficiem
859 1100 1027 1175 integram,
1045 1082 1099 1154 vel

102 1162 311 1275 irperfieiem
322 1174 470 1271 quadrati
483 1174 624 1266 cujusvis
636 1171 805 1271 homologi
819 1175 850 1244 in
865 1174 951 1246 cubo
968 1175 1099 1267 majore,

107 1276 283 1365 iuratione
293 1270 539 1371 subquodrupia.
581 1268 641 1343 1³.st
653 1296 731 1369 ergo
747 1268 863 1367 preffro
882 1273 1012 1369 octupla
1025 1301 1101 1346 curn

106 1368 264 1467 preffione
281 1372 375 1443 altera
395 1368 566 1443 earundem
579 1370 806 1466 particularum
821 1371 853 1439 in
873 1368 1007 1465 spatium
1021 1396 1102 1465 qun-

110 1465 229 1567 dn'rplo
244 1466 346 1559 majus
359 1462 565 1565 disperssrum
579 1463 795 1565 comparanda.
828 1472 867 1578 In
881 1465 980 1564 spatio
993 1470 1101 1563 itaque

112 1564 241 1735 puedru
276 1589 298 1634 o
322 1566 444 1637 rninore
470 1562 582 1637 eadem
598 1566 739 1637 moteriae
757 1585 925 1656 quantitas,
952 1562 1018 1636 five
1040 1588 1104 1637 eae·

136 1676 218 1751 eru¹
249 1660 325 1735 uidi·
346 1664 511 1759 particular
537 1660 724 1759 preffronem
748 1662 911 1757 octuplam
935 1658 1106 1743 sustinent,

118 1754 238 1831 necess'e
255 1760 364 1854 itaque
380 1756 477 1831 estut
492 1760 615 1852 quaevis
633 1758 787 1855 porticula
808 1755 993 1853 preffionem
1004 1757 1106 1855 duplo

120 1864 218 1951 quani
233 1856 322 1953 prius
332 1856 483 1944 majorem
499 1854 667 1937 sustineat3
696 1851 762 1924 srve
776 1876 813 1925 ut
826 1857 907 1926 vires
919 1852 1108 1952 centrifugae

114 1952 348 2121 puaptdicularurn
362 1950 422 2024 fint
435 1955 597 2050 reciproce
620 1952 864 2050 proportionales
882 1949 1035 2024 distantiis
1053 1969 1105 2023 ea·

178 2062 264 2121 em.
317 2062 322 2069 '
352 2054 410 2121 .Ε.
419 2056 466 2121 Ι).

163 2136 221 2217 Sic
241 2056 370 2227 unffi
387 2148 485 2244 pluris
510 2152 542 2215 F
546 2150 627 2225 GH,
646 2142 728 2242 fgh,
753 2170 808 2244 per
826 2145 931 2220 media
945 2145 1107 2225 cuborum

112 2240 227 2315 ductis
239 2240 455 2341 distinguatur
472 2241 613 2315 fluidum
632 2244 663 2313 in
679 2240 758 2314 duas
769 2267 886 2341 partes:
914 2248 978 2319 Hae
991 2244 1021 2317 se
1032 2272 1106 2318 mu·

112 2350 176 2411 tuo
189 2354 335 2437 prement
355 2339 466 2413 iisdem
490 2342 614 2418 viribus
632 2342 752 2433 quibus
770 2365 957 2439 premuntur
978 2344 1107 2442 oplanis

114 2438 199 2533 AC,
223 2462 293 2507 ac:
318 2435 383 2509 hoc
397 2436 456 2517 est,
480 2439 732 2536 inproportione
756 2438 813 2519 ab,
837 2440 877 2527 ad
902 2448 985 2513 AB.
1010 2439 1106 2512 adeo·

138 2556 180 2607 ue
199 2532 286 2606 viret
305 2535 508 2633 centrifugae‚
526 2536 644 2629 quibus
658 2533 708 2606 hae
724 2536 890 2629 pressiones
906 2536 1105 2614 sustinentur,

113 2558 189 2703 iunt
210 2632 244 2701 in
262 2627 374 2703 eadem
389 2634 521 2705 ratione.
571 2633 633 2704 Ob
650 2632 786 2704 eundem
806 2635 1028 2730 particularum
1046 2657 1108 2705 nus

117 2752 249 2799 merum
269 2726 468 2822 similemque
488 2726 585 2801 {itum
606 2732 637 2801 in
658 2750 797 2821 utroque
820 2730 906 2801 cubo
930 2731 1013 2800 vires
1030 2753 1110 2821 quas

119 2824 289 2939 particule
306 2850 415 2897 omnes
429 2824 602 2898 secundum
614 2827 702 2923 plana
727 2830 757 2893 F
761 2832 790 2895 G
797 2832 845 2907 H,
864 2824 938 2924 fgh
961 2848 1110 2899 exercent

117 2946 149 2995 tn
166 2944 293 3003 omnes,
312 2922 383 2994 sunt
397 2943 434 2995 ut
453 2926 536 2996 vires
558 2948 636 3018 quas
648 2920 778 3019 singule
791 2944 941 2995 exercent
955 2925 988 2995 in
1003 2918 1112 3022 singu-

121 3020 173 3093 las.
224 3024 320 3119 Ergo
334 3022 417 3091 vires
431 3044 507 3113 quas
532 3017 662 3117 singulte
683 3042 832 3093 exercent
850 3024 882 3094 in
907 3019 1042 3120 lingulas
1063 3027 1113 3099 -iev

122 3114 414 3215 cundumpianunr
437 3122 549 3188 FGH
566 3118 599 3188 in
619 3117 706 3189 cubo
723 3116 855 3209 majore,
880 3118 950 3192 sunt
974 3116 1015 3191 ad
1030 3121 1115 3190 vires
1138 3173 1149 3191 .

126 3238 203 3309 quor
213 3212 347 3313 fingulae
358 3236 505 3287 exercent
521 3211 611 3286 insin
660 3217 700 3287 las
711 3215 884 3291 secundum
897 3218 1026 3315 planum
1036 3210 1114 3381 spir

127 3310 259 3383 incubo
271 3314 406 3394 minore,
431 3333 469 3385 ut
494 3311 554 3392 ab,
580 3336 597 3381 a
645 3319 734 3391 AB:
759 3310 823 3385 hoc
839 3315 896 3394 est,
923 3316 971 3382 uti
985 3312 1047 3403 jam
1081 3333 1114 3379 e·

124 3406 390 3490 monstravimus,
422 3413 586 3506 reciproce
603 3429 641 3482 ut
659 3407 813 3483 distantiae
832 3411 1056 3510 puticularum
1076 3406 1116 3477 ab

121 3506 277 3591 invicem.
327 3512 429 3603 Qu.
444 3510 489 3579 D.
759 3595 762 3601 ι

172 3606 222 3677 Et
238 3604 314 3675 vice
326 3604 430 3683 versa;
459 3603 483 3675 fr
500 3605 581 3677 vires
593 3606 822 3702 particularum
838 3601 1032 3698 fingulnrum
1053 3596 1115 3672 sint

126 3702 289 3801 reciproce
312 3722 350 3773 ut
373 3699 528 3775 distantior
548 3706 789 3798 particularum,
814 3697 927 3778 idest,
952 3700 1117 3797 reciproce

129 3816 170 3881 ut
187 3799 351 3871 cuborum
371 3798 465 3870 latera
488 3804 570 3878 AB,
595 3799 662 3884 ab3
688 3798 819 3871 summor
840 3798 961 3870 virium
981 3819 1074 3871 erunt
1087 3799 1120 3867 in
1197 3837 1200 3841 ⁴

123 3892 238 3999 endem
256 3896 389 3999 cerione,¹
415 3900 449 3970 &
461 3894 628 3998 prefftones
653 3894 883 3993 quadratorum
907 3892 1058 4061 DB‚sdb
1082 3910 1121 3961 ut

467 4016 470 4022 ·
671 4008 675 4017 ’
1003 4011 1120 4061 cunmae
