2484 4366
120 196 190 279 324
406 172 853 284 tabernariorum

115 304 194 379 licet
211 305 306 403 longe
326 302 506 376 vividioris.
555 301 687 401 Quippe
709 300 868 376 lucidior
895 322 966 378 erat
988 303 1041 379 hic
1061 302 1109 379 C'e'

122 422 208 476 meta
226 404 326 474 altero
341 400 409 482 illo,
434 403 494 495 qui
508 402 538 472 in
546 399 609 471 fine
623 401 693 474 anni
706 398 936 497 praecedentis
948 420 1113 504 apparuerat,

122 508 254 572 &cum
274 496 369 571 stellis
389 500 500 597 primae
519 523 570 570 ma
594 496 750 570 nitudinis
780 498 1030 574 conferebatur.
1072 506 1114 575 Ia

122 595 233 670 titudo
250 597 395 695 capillitii
415 616 481 670 erat
499 524 655 691 duas16',
681 616 712 667 at
734 598 886 670 nucleus
916 619 996 672 cum
1012 599 1117 672 Planeti

125 718 188 793 ope
219 694 314 767 Tubi
339 694 442 793 optici
462 696 606 773 collatus,
632 686 719 791 plane
750 694 872 765 minor
894 716 971 769 erat
991 702 1067 801 Jove,
1089 702 1118 768 δι

110 809 212 865 ‘num
230 794 336 864 minor
355 812 491 889 corpore
510 786 701 863 intermedio
726 794 882 877 Saturni,
911 818 1001 868 nunc
1017 790 1061 893 ips
1078 819 1116 866 a·

121 888 227 984 'qualis
242 886 458 981 judicabatur.
509 898 610 960 Porro
623 912 698 959 cum
711 884 888 962 diameter
901 893 1114 991 capillitiito

121 998 281 1059 'metarum
291 1011 362 1059 raro
370 987 494 1085 superet
502 987 521 1057 8
529 988 595 1058 'vel
607 993 675 1065 η’,
683 982 850 1059 diameter
863 1014 955 1063 vero
964 984 1115 1064 Nucltistu

126 1081 1117 1188 stellaecentralissrtquafidecimavelfortedecimaquintapas

124 1180 274 1255 diametri
292 1184 449 1283 capillitii,
474 1202 560 1281 patet
582 1182 690 1255 Stellas
709 1176 807 1254 hasce
839 1206 884 1257 ut
905 1184 1112 1283 plurimune

124 1277 250 1373 jusdem
264 1277 325 1353 else
339 1282 512 1379 apparentis
528 1275 759 1377 magnitudinis
772 1298 860 1355 cum
876 1286 1027 1357 planetis.
1041 1283 1115 1358 Unde

128 1403 205 1450 curn
225 1380 286 1451 lux
310 1400 426 1450 eorum
455 1403 532 1449 cum
555 1378 627 1448 luce
651 1378 781 1449 Saturni
809 1402 885 1451 non
907 1406 985 1454 raro
1010 1380 1116 1455 conserti

123 1473 235 1575 poffit,
259 1498 393 1570 eamque
405 1475 575 1571 aliquando
586 1478 727 1571 superet3
757 1476 987 1552 manifestum
998 1474 1116 1574 estquod

124 1574 278 1644 Cometa
296 1596 404 1645 omnes
432 1576 463 1645 in
484 1568 647 1645 Perilieliis
663 1569 717 1643 vel
735 1571 822 1644 infra
845 1576 1028 1650 Saturnum
1038 1578 1115 1652 collo

125 1668 218 1744 candi
242 1668 316 1752 smt,
349 1673 402 1744 vel
424 1694 486 1743 non
512 1671 606 1782 longe
634 1668 734 1767 supra.
779 1669 922 1747 'Errant
950 1672 1049 1774 igitur
1062 1698 1114 1750 tots

125 1769 213 1873 cplo
224 1771 283 1863 qui
298 1772 451 1842 Cometas
466 1769 498 1839 in
514 1790 676 1867 regronem
686 1768 848 1840 Fixarum
884 1797 970 1870 rope
980 1773 1111 1874 ablegant:

124 1890 189 1959 qua
209 1876 295 1939 ce'rte
315 1868 435 1939 ratione
454 1890 516 1937 non
542 1867 643 1976 magis
655 1850 824 1975 ‘illustrari
852 1795 1018 1943 deberent
1036 1873 1110 1944 asos

121 1961 244 2045 nostro,
268 1989 366 2060 quam
383 1964 531 2043 Planetae,
555 1988 614 2057 qui
629 1959 779 2044 hrcsunt,
804 1964 1110 2044 illustranturlSttl·

126 2062 164 2133 lis
182 2059 268 2133 fixis.

127 2172 131 2183 ’
173 2160 259 2230 Haec
280 2155 512 2256 disputavimus
530 2182 592 2229 non
619 2155 857 2232 considerando
875 2161 1110 2255 obscurationem

125 2258 338 2327 Cometarum
348 2255 542 2354 persumum
556 2257 648 2326 illum
661 2257 800 2327 maxime
819 2260 1004 2357 copiosum
1014 2255 1109 2333 &nas-

125 2351 210 2433 sum,
232 2354 303 2447 quo'
323 2373 418 2451 caput
441 2351 660 2432 circundatur,
687 2351 776 2446 quasi
799 2376 861 2449 per
878 2357 1011 2430 nubem
1023 2352 1108 2430 obtule

126 2448 247 2549 semper
265 2452 384 2523 lucens.
437 2456 525 2524 Nam
548 2472 669 2545 quanto
689 2449 862 2534 obscurius
887 2454 1047 2529 redditur
1060 2478 1109 2526 cor·

123 2564 183 2646 pus
197 2572 252 2644 per
270 2546 357 2620 hunc
375 2548 515 2629 fumum,
541 2569 629 2621 tanto
652 2550 780 2646 propius
799 2547 842 2620 ad
865 2554 989 2626 Solem
1011 2549 1108 2626 accedat

125 2642 245 2717 necesse
259 2644 318 2726 est,
344 2667 382 2718 ut
403 2649 495 2743 copia
514 2648 595 2719 lucis
613 2646 632 2715 a
654 2644 684 2717 se
702 2644 820 2719 reflexa
835 2649 992 2723 Planetas
1010 2651 1108 2724 amule

125 2736 191 2816 tur'.
242 2740 323 2814 Inde
337 2742 509 2816 verisimile
527 2741 567 2815 fit
585 2748 738 2815 Cornetas
751 2745 847 2842 longe
867 2747 962 2821 infra
977 2747 1110 2848 Sphaeram

126 2843 253 2914 Saturni
264 2838 464 2922 descendere,
489 2842 540 2913 uti
557 2866 598 2912 ex
611 2842 763 2913 Parallaxi
779 2841 1015 2940 probavimus.
1040 2845 1108 2919 Iden

124 2961 321 3032 veroquam
344 2942 484 3011 maxime
506 2937 716 3010 confirmatur
734 2964 775 3010 ex
797 2940 942 3016 Caudis.
997 2948 1060 3017 Ha
1077 2940 1112 3014 vel

125 3058 168 3107 ex
180 3033 355 3108 reflexione
367 3035 452 3109 sumi
466 3035 558 3135 sparsi
573 3060 631 3132 per
647 3035 774 3113 athera,
799 3040 854 3110 vel
866 3063 912 3110 ex
930 3043 1009 3113 luce
1026 3039 1112 3140 capiti

125 3135 288 3206 oriuntur.
338 3136 448 3207 Priore
461 3133 531 3206 casu
547 3132 718 3207 minuenda
732 3132 779 3206 est
793 3133 954 3221 distantia
975 3144 1112 3213 Comen

126 3244 213 3312 tum,
239 3255 276 3303 ne
294 3227 438 3304 sumusl
459 3233 576 3330 Capite
595 3232 716 3329 semper
734 3232 821 3304 ortus
838 3258 899 3332 per
919 3236 1020 3333 spatia
1042 3237 1112 3311 nimis

127 3331 230 3425 ampla
249 3328 430 3402 incredibili
447 3355 524 3402 cum
550 3331 720 3403 velocitate
745 3337 778 3401 &
798 3331 999 3428 expansione
1021 3358 1114 3437 propa·

122 3440 229 3525 getur.
267 3432 319 3503 ‚In
336 3426 512 3525 posteriore
524 3427 685 3500 reserenda
701 3425 748 3499 est
765 3429 822 3499 lux
842 3433 956 3504 omnis
976 3455 1044 3508 tam
1059 3459 1114 3506 cau·

70 3597 72 3601 .
122 3523 174 3597 dae
187 3526 450 3622 quamcapillitii
464 3522 504 3596 ad
525 3527 694 3598 Nucleum
709 3526 831 3622 capitis.
883 3532 1004 3622 Igitur
1017 3531 1113 3605 saima-

121 3624 273 3716 ginemur
289 3620 397 3694 lucem
409 3620 489 3695 hanc
503 3647 631 3695 omnem
651 3625 838 3721 congregari
855 3631 890 3696 &
907 3627 994 3701 intra
1008 3629 1118 3703 discum

127 3723 249 3793 Nuclei
268 3720 434 3801 coardari,
460 3722 608 3792 Nucleus
625 3722 677 3793 ille
694 3721 758 3813 jam
782 3743 881 3802 certe,
909 3729 1118 3819 quotiescau·

123 3812 199 3921 dam
211 3816 383 3892 maximam
397 3825 432 3891 &
450 3817 714 3920 fulgentissimam
728 3821 862 3902 emittit,
885 3826 1019 3921 Jovem
1033 3829 1119 3924 ipsun

1036 3928 1121 4024 sp„
