2484 4366
114 216 182 284 260
402 207 838 280 PReAELECTIONES

27 414 31 430 p
121 340 183 410 lius
201 338 259 409 ubi
277 335 468 434 perforatur,
493 361 568 431 quae
591 335 726 431 quidem
745 333 880 434 preliio,
911 333 963 410 ol>
984 356 1118 410 naturae

123 459 216 528 aquae
227 433 374 518 fluidam,
400 438 527 528 aequalis
545 432 591 506 est
605 432 737 531 ponderi
748 436 915 506 columnae
931 436 1117 528 aquaecujus
1143 443 1146 450 '

123 529 203 604 bafia
218 531 369 606 foramini
384 553 541 626 aequatur,
556 539 590 602 δι
602 530 740 604 altitudo
752 529 868 604 eadem
879 530 934 604 est
949 558 1027 626 quar
1038 557 1117 625 aqua

124 632 224 702 totius
235 630 322 727 supra
342 631 495 702 foramen.
545 633 592 701 Et
615 637 794 726 Propterea,
810 625 837 699 fi
854 655 917 701 vas
935 627 1113 702 admodum

125 730 269 824 corporis
283 727 414 824 penduli
429 727 487 798 filo
501 730 664 894 praelongo
676 727 694 796 l
708 729 799 798 clavo
812 724 1037 824 suspendatur,
1055 724 1111 797 hoc

126 821 247 918 sraqua
264 827 432 922 inplagam
452 826 599 919 quamvis
625 825 788 897 ecundum
803 825 930 895 lineam
946 823 1108 898 hornaru-

124 922 188 994 lem
201 920 324 996 effluat,
344 921 471 994 recedet
492 922 611 1017 semper
635 923 653 994 a
679 919 917 1019 perpendiculo
948 925 985 996 in
1008 925 1108 1020 phgun

123 1020 324 1090 contrariam.
374 1024 420 1091 Et
443 1044 497 1117 par
520 1015 566 1090 est
590 1020 682 1099 ratio,
707 1040 744 1090 ut
758 1016 823 1088 hoc
845 1019 969 1108 obiter
988 1040 1112 1100 notetur,

125 1137 232 1188 motus
249 1117 386 1214 pilarum
399 1142 474 1210 quae
485 1118 617 1213 pulvere
630 1117 838 1187 tormentatio
853 1116 1048 1199 madefado
1064 1119 1114 1189 im·

122 1218 261 1313 plentur,
286 1221 321 1286 &
342 1217 470 1286 materia
489 1213 695 1286 inflammam
714 1238 769 1310 per
791 1211 947 1288 foramen
974 1217 1113 1312 paulatim

124 1316 286 1410 expirante
298 1311 621 1409 receduntiregione
634 1310 781 1387 flamma,
807 1312 890 1382 &in
906 1332 1039 1410 partem
1050 1337 1114 1384 con-

126 1413 251 1483 arariam
268 1434 343 1482 curn
357 1409 653 1506 impetuferuntur.
1000 1429 1005 1439 ·

175 1509 276 1576 Coroll.
294 1514 362 1599 (5.)
392 1505 516 1580 Eadem
535 1504 582 1579 est
595 1508 745 1578 velocitas
758 1506 909 1578 exeuntis
927 1505 1029 1581 fluidi
1044 1506 1109 1578 ina·

126 1629 203 1696 qua,
228 1609 262 1674 &
275 1606 306 1674 in
318 1631 400 1684 aere,
413 1612 447 1677 &
458 1607 524 1676 aliis
537 1604 793 1698 quibuscunque,
807 1602 915 1675 modo
927 1600 1110 1692 subtilillrma

127 1699 207 1782 fint,
240 1700 298 1773 ubi
321 1700 459 1774 altitudo
489 1701 750 1800 perpendicularis
770 1699 817 1772 est
838 1699 978 1783 eadem,
1013 1703 1061 1774 uti
1079 1725 1110 1773 ex

125 1797 324 1896 praecedente
342 1795 609 1872 demonstratione
623 1802 739 1894 liquet.
1060 1840 1064 1845 -
1139 1814 1141 1819 '

178 1901 278 1968 Coroll.
303 1902 372 1986 (6.)
401 1902 447 1969 Et
466 1896 490 1969 fi
512 1896 652 1969 fluidum
671 1895 711 1968 fit
733 1893 918 1978 elasticurn,
936 1904 982 1968 ·&
1002 1894 1109 1971 Undu·

126 1983 257 2066 lationes
280 1992 346 2066 five
366 2017 517 2066 tremores
533 1995 603 2066 suos
623 1992 664 2068 ad
681 1991 796 2066 distans
816 2017 997 2090 propagare
1020 1990 1109 2092 poffit,

129 2089 368 2164 Undulationes
376 2093 428 2162 vel
441 2096 613 2163 Tremores
622 2088 812 2164 istoseadem
821 2091 1004 2164 velocitate
1097 2127 1110 2144 ·

128 2189 220 2284 gabit
239 2213 303 2280 qua
318 2191 424 2283 primo
443 2188 588 2261 efflueret
603 2215 643 2259 ex
658 2186 824 2261 altitudine
846 2187 962 2261 Fluidi
983 2193 1025 2262 U
1049 2191 1055 2203 ’
1097 2223 1109 2240 ·

129 2285 201 2363 mis,
211 2283 303 2375 cujus
311 2283 436 2381 pondus
445 2284 586 2357 fluidum
599 2286 777 2377 [ubjeeturn
786 2289 1008 2380 comprimere
1016 2281 1107 2384 pollet.

128 2378 254 2452 Tenlio
270 2384 355 2454 enirn
379 2381 446 2454 five
460 2385 624 2456 elaterium
641 2383 692 2456 isti
708 2378 856 2481 preffioni
874 2379 945 2455 sive
958 2381 1110 2455 velocitati

127 2474 293 2576 incipienti
306 2482 540 2577 proportionale
561 2479 607 2552 est
626 2481 727 2576 ipsum
743 2477 965 2551 undulationis
988 2484 1042 2554 vel
1061 2501 1110 2551 tte·

127 2579 227 2648 moris
241 2576 451 2650 vehiculum:
479 2585 513 2648 δε
533 2577 665 2676 proinde
685 2576 911 2650 undulationes
930 2581 990 2651 vel
1010 2601 1111 2651 tremo

128 2699 178 2843 {a
189 2669 265 2748 istos
277 2703 354 2787 crim
367 2678 538 2750 velocitate
552 2678 678 2775 propria
686 2700 747 2747 non
759 2671 864 2772 potest
877 2699 945 2746 non
959 2675 1110 2748 transferre

198 2799 236 2844 ro
329 2800 358 2846 e.

176 2795 362 2965 lorilliglai.)
392 2871 494 2945 Unde
520 2896 596 2943 curn
609 2871 747 2968 pondera
768 2869 917 2968 specifica
937 2896 1038 2966 aquae
1057 2873 1113 2969 plu·

102 3018 106 3023 .
129 2960 219 3062 vialis
239 2974 273 3038 ὁ(
295 2973 433 3065 Argenti
447 2971 518 3041 vivi
531 2968 591 3040 sint
606 2970 647 3040 ad
667 2972 805 3041 invicem
822 2989 860 3039 ut
884 2994 898 3037 1
919 2963 962 3040 ad
990 2995 1045 3066 14.
1065 2970 1115 3040 cire

129 3063 211 3134 citet
218 3089 229 3144 3
258 3070 293 3135 &
313 3065 371 3136 ubi
392 3067 576 3138 Mercurius
593 3068 625 3144 in
649 3070 839 3138 Barometro
851 3065 1066 3140 altitudinem
1078 3086 1114 3136 at·

126 3153 224 3260 tingit
235 3155 419 3262 digitorum
435 3164 653 3254 Anglicorum
671 3188 724 3259 30.
741 3161 864 3261 pondus
883 3162 1015 3238 elastici
1037 3164 1116 3235 Aeris

136 3266 171 3331 δι
196 3284 289 3354 aquae
315 3262 461 3358 pluvialis
481 3258 543 3332 fint
564 3260 602 3334 ad
624 3264 776 3342 invicem,
803 3287 845 3332 ex
872 3263 1005 3336 collatis
1029 3261 1137 3360 pluri·-

130 3359 190 3428 mis
213 3357 396 3439 observatis,
429 3379 466 3430 ut
484 3384 497 3429 1
518 3357 558 3431 ad
588 3384 677 3429 1000
694 3361 845 3441 circiter3
871 3383 973 3432 erunt
989 3359 1118 3458 pondera

130 3448 277 3553 specifica
296 3458 375 3542 aeris
398 3460 432 3527 δε
458 3459 580 3554 argenti
599 3458 669 3529 vivi
685 3480 722 3530 ut
749 3482 762 3527 1
785 3454 825 3527 ad
848 3479 966 3550 14000
988 3461 1118 3531 circiter.

57 3607 59 3610 a
129 3545 279 3635 Proinde,
306 3580 383 3626 cum
402 3552 540 3626 altitudo
563 3555 684 3651 argenti
701 3555 773 3628 vivi
796 3546 836 3625 stt
857 3574 901 3648 30
925 3554 1120 3653 digitorum»

129 3647 268 3724 altitudo
292 3651 385 3724 aeris-
397 3651 566 3724 uniformis
587 3651 679 3739 cujus
699 3650 823 3751 pondus
850 3677 956 3724 aerem
981 3653 1123 3728 nostrum

34 3795 36 3799 -
126 3741 307 3838 subjeetum
331 3750 542 3845 comprimere
555 3747 668 3845 pollet,
695 3755 757 3824 erit
783 3773 900 3846 42000
923 3748 1123 3847 digitorum,

123 3840 179 3918 -rseu
190 3843 313 3942 pedum
327 3849 543 3950 Anglicorum
565 3870 690 3946 35000.
741 3852 887 3948 Corpora
902 3869 1021 3922 autem
1034 3848 1123 3947 pedes.
1151 3906 1157 3937 „

275 3961 279 3968 '
975 3968 1119 4047 3175005
