2484 4366
251 180 989 258 ΡΗΥΜΟΟ-ΜΑῚἨΕΜΑῚΊΟνΞ.Ι
1046 183 1118 280 '35

127 325 154 360 “
177 314 246 386 lum
257 315 359 394 autla,
386 313 515 384 Orbem
532 309 570 382 ab
585 309 742 408 Elliptico
757 312 790 382 in
806 310 1024 383 Parabolicnm
1037 315 1112 407 pos-

127 421 153 457 “
178 410 217 482 srt
231 410 417 484 immutare}
445 407 665 480 Confirmatur
680 408 776 482 etiam
789 407 926 480 eundem
937 405 998 480 esse
1007 430 1111 509 potu·

126 520 151 554 “
176 508 230 580 isse
244 536 284 580 ex
296 535 347 589 eo,
372 505 464 601 quod
478 508 548 579 anni
568 515 655 602 1456
669 504 785 586 aestate,
811 507 994 605 conspeetus
1009 507 1111 583 fuerit

125 616 151 650 “
176 613 314 680 Cometa
328 604 443 678 eodem
460 628 538 703 pene
562 600 663 673 modo
680 606 763 675 inte'r
785 604 891 675 Solem
913 610 947 676 &
971 607 1109 679 Terram

124 714 150 749 ‘⁶
173 704 320 778 tranfiens
334 701 537 801 retrograde:
564 697 676 794 quem,
699 700 807 773 licetb
824 701 946 773 nemine
960 702 1108 776 observa-

124 811 149 846 “
174 826 225 876 tus
238 802 337 874 fuerit
352 799 589 881 Astronomite,
614 822 654 869 ex
670 797 805 894 periodo
819 798 985 894 modoque
998 798 1109 873 transi·

124 908 150 944 “
175 923 226 975 tus
238 925 299 972 non
312 897 498 971 diversuma
511 893 671 995 pradidtis
680 894 818 969 extitisse
829 897 980 990 conjicio.
1005 896 1109 972 Unde

123 1005 149 1042 “
174 995 273 1070 aufim
288 996 430 1091 ejusdem
442 993 584 1067 reditum
597 991 731 1066 fidenter
743 993 926 1091 predicere,
951 996 1107 1070 annoscil.

119 1102 145 1138 ‘⁶
176 1095 274 1190 1758.
327 1091 431 1179 Quod
445 1091 468 1164 s1
482 1089 546 1162 hoc
559 1092 711 1172 evenerit,
735 1092 820 1164 nulla
836 1093 967 1190 amplius
978 1092 1107 1167 eritdu·

120 1199 146 1235 “
170 1190 402 1272 bitandicausa,
426 1191 505 1284 quin
519 1185 621 1260 redire
632 1186 766 1261 debeant
780 1191 898 1261 caeteri.
928 1191 1108 1266 Habebunt

120 1296 146 1332 ‘⁶
172 1315 249 1386 ergo
274 1288 459 1361 Astronomi
479 1289 511 1358 in
536 1281 596 1355 hac
617 1287 707 1356 arend
726 1312 795 1380 quo
815 1286 844 1357 se
865 1309 1031 1365 exerceant
1048 1313 1106 1387 per

122 1393 148 1428 “
172 1388 271 1458 multa
279 1388 401 1467 Secula,
425 1383 900 1484 priusquamtottantorumque
915 1389 1104 1483 Corporum

120 1491 147 1525 “
172 1485 254 1555 circa
268 1507 436 1554 commune
452 1502 596 1555 centrum
615 1483 693 1552 Solis
705 1484 942 1571 revolventium
954 1508 1104 1556 numerus

121 1587 147 1623 “
172 1581 389 1678 cognoscatur,
414 1605 449 1651 ac
475 1599 626 1651 motuum
646 1576 858 1676 symptomata
877 1583 970 1653 certis
986 1583 1105 1680 regulis

119 1683 144 1719 “
170 1700 385 1749 coerceantur.
436 1673 642 1748 Crediderim
660 1674 813 1768 equidem
825 1682 1107 1752 Cometametiam'

117 1780 144 1816 “
168 1776 355 1870 anni1532,
380 1772 517 1845 eundem
542 1767 638 1843 fuisse
658 1797 733 1844 cum
755 1775 823 1854 illo,
847 1776 905 1867 qui
922 1775 961 1861 ab
980 1779 1106 1847 Hevela'o

120 1879 146 1915 “
171 1871 394 1943 observabatur
412 1873 537 1942 ineunte
559 1893 639 1940 anno
663 1882 769 1942 1661:
803 1869 856 1942 sed
874 1872 1107 1946 observationes

119 1976 144 2013 “
169 1974 292 2065 Apiani,
310 1969 395 2061 ‘quas
420 1965 493 2038 solas
520 1965 687 2062 deprimo
711 1965 874 2048 habemus,
898 1969 991 2042 nimis
1008 1970 1104 2044 rudes

120 2073 146 2108 “
171 2065 251 2145 sunt,
277 2089 333 2136 nec
349 2067 524 2159 quicquam
539 2065 618 2133 certi
632 2065 663 2134 i'o
678 2089 710 2134 re
725 2084 791 2136 tam
807 2065 916 2137 subtili
934 2092 975 2138 ex
992 2065 1105 2140 iisdem

120 2168 147 2205 “
171 2164 243 2233 elici
253 2161 367 2258 potesl.
404 2159 499 2261 Justo
512 2162 676 2231 volumine
688 2158 758 2232 haec
773 2166 877 2234 omnia
894 2158 1108 2259 exequimihi'

117 2266 144 2302 “
168 2260 288 2332 animus
300 2257 357 2335 est,
383 2283 439 2328 nec
466 2255 679 2330 Astronomiae
699 2258 924 2354 promovendae
943 2259 1003 2334 hac
1018 2264 1049 2334 in
1068 2279 1116 2340 re‘

119 2361 144 2400 “
169 2355 278 2436 deero,
305 2353 419 2427 siDeo
440 2361 489 2426 Ο.
502 2358 554 2426 Μ.
578 2353 678 2426 visum
698 2355 798 2427 suerit
821 2358 1103 2432 vitam'saculates-

119 2459 144 2499 ‘⁶
169 2477 232 2544 que
259 2476 437 2549 prorogare.
487 2452 620 2522 Interim
646 2453 833 2545 quicunque
858 2453 993 2527 modum
1014 2463 1106 2530 Con-

119 2556 145 2594 “
170 2548 309 2622 struendi
322 2555 533 2620 Cometarum
547 2547 654 2619 Orbes
667 2572 722 2644 per
733 2570 795 2622 tres
802 2550 1036 2626 observationes
1048 2554 1110 2626 ac?

118 2655 146 2692 “
171 2667 277 2718 curate
289 2645 408 2718 habitas
418 2645 576 2718 addiscere
590 2647 692 2740 cupit,
718 2646 774 2718 sub
787 2645 884 2718 finem
901 2650 973 2727 libri
985 2650 1026 2722 de
1040 2657 1103 2751 Sy,

118 2753 144 2788 “
169 2743 296 2816 stemate
313 2742 448 2822 Mundi,
475 2741 539 2815 sive
563 2743 649 2813 tertii
674 2739 843 2840 Phihsophiae
866 2751 950 2817 Nat.
971 2755 1100 2848 Princp,

116 2852 144 2886 “
169 2841 280 2913 Math.
295 2843 400 2934 magni
420 2837 515 2930 ipsius
535 2840 714 2909 Inventoris
730 2838 923 2915 methodum
935 2845 1074 2919 inveniet
1089 2876 1100 2928 ,a

114 2951 141 2984 “
170 2946 281 3022 Quam
297 2937 404 3034 postea
417 2933 629 3034 Dignissimus
639 2937 772 3034 Collega
778 2963 867 3008 meus
880 2944 924 3010 D.
933 2947 1101 3039 Gregorius,

113 3049 142 3089 “
168 3035 243 3106 Lib.
255 3042 300 3109 V.
315 3032 502 3131 pereruditae
517 3031 800 3104 Astronomiaesuae
813 3033 1000 3132 Physrcae&
1010 3043 1102 3113 Geo-

115 3147 143 3184 “
167 3135 309 3204 metricae
323 3134 412 3228 plene
429 3137 462 3200 &
474 3132 650 3201 luculenter
661 3128 842 3224 illustravit.

166 3243 190 3279 “
216 3231 363 3309 Unicum
383 3248 487 3299 autem
511 3252 571 3298 non
594 3227 645 3297 abs
666 3253 699 3298 re
719 3230 778 3298 erit
797 3254 855 3299 nec
875 3229 1101 3319 injucundum,

115 3340 142 3376 “
168 3322 222 3396 hic
247 3327 311 3397 loci
337 3327 507 3396 [eaor-em
540 3347 667 3394 monere
697 3323 949 3409 Astronomum3
989 3353 1102 3428 nempe

116 3437 144 3485 (ἱ
169 3421 258 3515 quod
277 3423 418 3509 nonnulli
437 3447 478 3492 ex
502 3420 550 3491 his
571 3424 717 3493 Cometis
743 3421 859 3495 Nodos
879 3422 948 3494 suos
970 3423 1103 3503 habeant

118 3533 143 3569 “
169 3517 247 3590 adeo
267 3519 355 3592 Orbi
375 3525 487 3591 Terra:
508 3543 610 3588 annuo
626 3520 759 3598 vicinos,
786 3541 822 3592 ut
838 3518 862 3590 si
876 3520 963 3592 sorte
975 3526 1104 3602 attide,

116 3630 142 3665 “
167 3618 220 3695 rit,
247 3637 386 3694 tempore
400 3614 520 3685 reditus
537 3620 682 3685 Cometa
696 3622 825 3689 Terram
844 3643 1001 3712 occupare
1015 3629 1105 3696 Loca

117 3727 142 3775 t‘
167 3712 198 3783 in
214 3714 291 3782 orbe
308 3714 364 3784 suo
381 3712 483 3783 Nodo
500 3712 656 3808 proxima,
683 3711 762 3783 dum
781 3720 915 3790 Cometa
925 3718 1104 3794 incredibili

118 3822 144 3877 r!
169 3832 242 3883 cum
263 3809 444 3889 Velocitate
457 3811 657 3915 preterierit,
684 3810 853 3895 Parallaxin
868 3814 962 3888 etiam
975 3812 1105 3891 babitu,

663 3911 722 3978 Aa
746 3933 771 4008 4
888 3999 890 4003 ¹
1005 3927 1029 3968 ί(
1052 3940 1105 3991 rua
