2484 4366
145 192 190 267 do
402 190 846 265 PReAELECTIQNES

138 310 253 391 emate
265 316 434 417 peragendi
446 314 640 390 est'omnino.
653 314 851 395 tribuendus.
899 313 1048 389 Difficile
1062 331 1127 387 erat

138 436 214 489 tum
228 412 369 514 pendula
388 415 483 487 simul
495 414 671 496 dimittere,
697 413 741 487 sic
753 436 799 487 ¹ut
816 439 948 512 corpora
961 415 1036 486 inse
1052 436 1129 509 mus

138 533 202 587 auo
226 516 436 611 impingerent
454 515 488 583 in
505 515 580 585 loco
597 514 664 611 ipso
684 508 802 593 infimo¹
816 520 890 591 Aa
905 539 917 595 3
945 534 1019 583 tum
1032 513 1128 583 locas

139 618 177 682 tc
196 612 345 698 knomre
363 611 404 683 ad
421 636 496 703 quae
519 636 653 708 corpora
671 608 876 681 ascendebant
898 607 968 706 post
989 628 1131 687 concur·

136 708 210 779 ¹sum
220 734 232 789 ;
258 708 312 781 sed
327 711 358 780 in
371 708 444 807 ipsis
462 710 546 805 pilis,
570 712 689 803 quibus
705 705 862 783 utendum
881 729 957 787 erat,
983 706 1129 799 inaqua-

139 806 324 903 lispattium
336 804 481 886 densitas,
497 814 531 876 δε
552 828 679 879 textura
689 807 755 881 aliis
767 803 808 877 de
828 803 927 877 caufis
945 803 1128 899 irregularis

138 922 259 974 diores
271 906 417 996 aliquales
436 925 473 975 ut
488 902 674 975 inducerent
688 925 753 973 erat
768 900 899 975 necesse.
949 908 1053 971 Porio
1070 923 1125 971 ne·

134 1002 213 1093 quis
226 1001 359 1091 objiciat
371 1004 514 1099 regulam
525 1000 565 1073 ad
576 1028 673 1095 quam
685 998 880 1097 probandam
894 1002 1061 1070 inventum
1080 992 1123 1067 est

134 1094 204 1168 boc
220 1102 478 1191 experimentum
498 1100 734 1197 praesupponere
755 1123 884 1194 corpora
908 1096 960 1167 vel
982 1095 1120 1165 absolute

136 1191 220 1265 du'ra
239 1192 313 1275 effe,
337 1198 389 1267 vel
406 1198 513 1267 saltem
527 1198 667 1293 perscele
684 1194 818 1275 classica,
844 1191 1027 1283 cujusmodi
1041 1192 1120 1265 nulla

134 1289 223 1363 sorte
236 1296 434 1389 reperiuntur
447 1295 478 1365 in
495 1291 778 1389 compositionibus
787 1291 1008 1372 naturalibus,¹
1030 1288 1119 1375 addi,-

133 1410 210 1460 mus
216 1391 310 1483 qnod
319 1394 534 1487 experimenta
541 1388 765 1487 jamdescripta
771 1386 945 1461 succedunt
959 1389 993 1458 in
1007 1414 1118 1486 corpo-

24 1522 26 1527 ·
131 1485 1116 1581 ribusmollibusaequeacindurisvelelasticismimirumacom

132 1580 258 1654 ditione
278 1582 412 1657 duritiei
426 1586 608 1658 velelaterii
624 1588 811 1678 neutiquam
825 1581 1002 1678 pendentia.
1032 1588 1115 1655 Nam

28 1752 32 1759 ,
130 1676 163 1749 si
171 1678 317 1752 conditio
324 1683 380 1753 illa
392 1684 425 1754 iii
437 1680 624 1777 corporibus
643 1707 704 1753 non
724 1680 864 1779 perfede
883 1678 971 1750 duris
987 1680 1041 1751 vel
1058 1682 1117 1759 ela,-

130 1772 223 1849 streis
236 1777 383 1851 tentanda
404 1779 462 1860 est,
486 1777 618 1851 debebit
640 1776 841 1851 solummodo
864 1776 998 1847 reflexio
1017 1776 1116 1849 minui

125 1875 169 1945 'in
190 1870 280 1947 certa
300 1881 504 1973 proportione
520 1899 580 1970 pro
599 1879 773 1968 quantitate
797 1877 845 1946 vis
868 1871 1002 1945 clasticae
1023 1872 1117 1945 dimi-

129 1992 234 2044 nutae.
259 2029 268 2039 .
283 1978 322 2044 In
340 1971 485 2045 Theoria
500 1975 637 2045 Wrenni
656 1982 689 2044 &
705 1973 853 2069 Hugenii
872 1995 1005 2067 corpora
1030 1968 1114 2041 abso-

123 2068 203 2140 :hue
216 2068 297 2140 dura
309 2067 445 2141 redeunt
459 2070 499 2141 ab
512 2071 651 2141 invicem
667 2096 743 2143 cum
756 2069 925 2140 velocitate
938 2064 1088 2164 congress
1082 2092 1113 2149 its

126 2166 282 2237 relativa:
312 2164 374 2237 Sed
386 2193 462 2239 cum
476 2169 534 2239 el.
548 2166 698 2240 Wallifio
712 2169 844 2247 omnino
864 2163 1041 2237 dicendum
1054 2161 1114 2237 hoc

132 2263 166 2332 in
183 2262 323 2359 persede
336 2262 468 2337 clasticis
480 2284 604 2335 tantum
617 2266 780 2346 obtinere3
808 2269 843 2333 δι
855 2263 926 2333 alias
939 2261 1064 2358 prorsus
1082 2263 1114 2333 in

132 2360 323 2529 ioli
337 2384 400 2528 ie
411 2358 808 2531 mesmillo
823 2357 1114 2528 bisunu

167 2512 171 2519 '
769 2508 781 2540 1

126 2551 242 2650 positis
254 2553 307 2625 ¹est
335 2482 464 2627 abbedde*
473 2552 695 2627 manifestum.
746 2481 915 2650 spellatim
941 2578 1022 2625 vero
1044 2578 1113 2623 cor·

116 2653 273 2746 porailla
284 2651 385 2723 solum
404 2678 477 2745 quae
500 2650 571 2724 sunt
591 2651 730 2748 perfecte
744 2648 868 2723 clastica
884 2648 957 2746 post
975 2648 1114 2723 collisio-

129 2770 184 2819 nes
193 2769 321 2821 mutuas
342 2745 477 2820 redeunt
490 2747 530 2821 ab
542 2750 683 2821 invicem
697 2773 771 2820 curn
785 2749 954 2819 velocitate
970 2746 1113 2845 congres-

130 2843 192 2924 sus,
210 2844 387 2929 secundum
404 2868 511 2919 motus
533 2851 655 2941 Legem
680 2860 759 2917 16‘2.
784 2842 896 2916 eodem
912 2845 1112 2941 spedantem5

129 2963 226 3037 prout
240 2945 274 3013 in
284 2944 444 3038 prioribus
462 2942 676 3038 exposuimus.
726 2948 765 3012 In
784 2941 968 3039 imperfede
984 2941 1113 3015 elnsticis

129 3038 282 3109 velocitas
296 3037 417 3111 reditus
431 3037 601 3111 minuenda
613 3038 659 3111 est
670 3037 770 3112 fimul
781 3064 857 3109 cum
872 3038 1056 3120 vielastica,
1073 3044 1113 3129 ,δι

112 3137 161 3205 in
183 3134 325 3227 ejusdem
347 3133 515 3209 diminutae
540 3138 672 3216 ratione,
698 3158 862 3234 propterea
880 3134 972 3228 quod
992 3138 1041 3207 vis
1062 3138 1112 3219 illa

5 3229 8 3235 ’
127 3231 253 3305 elastica
266 3230 341 3326 (nisi
356 3236 414 3305 ubi
431 3254 530 3331 partes
548 3259 717 3329 corporum
738 3259 778 3305 ex
801 3229 968 3330 congressu
990 3229 1113 3309 laedun·

127 3352 193 3411 tur,
216 3332 270 3403 vel
281 3330 497 3403 extensionem
512 3334 678 3424 aliqualem
690 3329 779 3423 quasi
792 3331 849 3401 sub
861 3331 975 3401 malleo
987 3333 1112 3426 patiun-

126 3434 199 3514 tur)
221 3424 352 3500 videtur
372 3426 433 3499 elle
450 3431 482 3501 in
508 3429 537 3500 se
558 3450 641 3499 certa
662 3435 695 3498 &
709 3425 927 3506 determinata,
951 3425 1112 3523 faciatque

105 3572 108 3577 -
125 3549 260 3622 corpora
272 3522 376 3596 redire
394 3528 432 3597 ab
447 3528 585 3598 invicem
605 3551 681 3595 cum
702 3527 871 3596 velocitate
889 3526 1020 3595 relativa
1037 3548 1111 3617 quae

127 3620 219 3694 sitad
234 3623 439 3695 velocitatem
458 3623 620 3694 relativam
638 3620 807 3693 concursus
827 3625 859 3691 in
884 3620 956 3693 data
977 3624 1110 3693 ratione.

128 3716 170 3789 Id
190 3721 223 3789 in
239 3720 310 3816 pilis
327 3744 368 3791 ex
387 3721 455 3790 lana
480 3721 565 3791 arde
588 3721 821 3816 conglomerata
841 3724 874 3789 &
888 3717 1017 3790 fortiter
1036 3744 1113 3791 con·

99 3811 233 3889 brida
254 3812 298 3887 lic
323 3817 460 3914 tentavit
486 3821 693 3919 Newtonuse
739 3818 883 3917 Primum
909 3812 1114 3985 demittepdlq

977 3935 1039 4013 pen
1062 3937 1082 3983 u
