2484 4366
247 200 964 317 narsico-mmmmm&
1064 210 1115 313 73*

115 344 191 447 pari
207 350 325 424 ratione
339 375 374 422 ac
391 342 537 421 centrum
550 344 688 441 cujusvis
700 354 842 450 corporis
855 350 902 422 est
913 345 1111 425 habendum.

121 444 249 518 Eodem
260 445 361 519 modo
376 471 545 519 commune
555 469 699 522 centrum
708 445 998 548 gravitatishorum
1008 450 1111 522 trium

122 544 269 635 &quarti
277 544 477 636 cujusvisvel
488 538 682 638 quiescitvel
691 572 750 644 pro
789 543 1110 619 edituruniformiter

119 642 241 716 insinea
255 644 361 724 resta3
379 642 638 741 proptereaquod
645 645 683 717 ab
690 669 729 717 eo
740 574 1053 716 iibiditurdistantia
1060 645 1110 717 in·

116 759 163 811 ter
176 760 327 811 centrum
337 742 501 837 gravitatis
508 765 678 821 commune
691 744 836 822 trium&
850 762 993 813 centrum
1001 744 1109 838 gravi-

115 836 187 909 tatis
203 840 312 930 quarti
327 839 358 908 in
374 836 445 909 data
464 839 595 919 ratione,
621 840 746 937 corpori
761 863 871 935 nempe
894 845 928 908 &
946 835 1108 935 systemati

115 935 215 1007 trium
236 953 411 1030 corporum
432 938 611 1032 reciproca:
639 944 672 1008 &
695 934 738 1007 src
761 961 858 1033 porro
876 938 908 1007 in
931 935 1107 1009 infinitum.

116 1035 225 1133 Igitur
245 1034 279 1103 in
298 1029 462 1126 systemate
480 1032 661 1131 corporum,
686 1057 760 1126 quae
776 1033 998 1107 assionibusin
1017 1032 1108 1106 seins

116 1131 225 1219 uicem
238 1127 367 1221 aliisque
389 1129 535 1201 omnibus
556 1133 587 1203 in
610 1131 639 1204 se
662 1130 852 1203 extrinsecus
869 1127 1021 1226 impressis
1033 1157 1106 1202 om·

116 1227 194 1299 nino
210 1247 334 1305 vacant,
359 1224 501 1321 adeoque
518 1228 569 1299 vel
587 1227 766 1321 quiescunt,
792 1228 844 1299 vel
858 1247 1029 1297 moventur
1045 1226 1107 1298 stn-

113 1325 192 1421 gusa
212 1323 463 1397 uniformiterin
484 1326 578 1396 restis
597 1323 737 1422 srngulis,
771 1347 940 1396 commune
961 1325 1108 1397 omnium

112 1430 264 1495 centrum
279 1421 444 1518 gravitatis
460 1422 511 1495 vel
533 1423 679 1514 quiescit,
695 1425 748 1494 vel
768 1441 920 1493 movetur
935 1419 1106 1492 uniformi-

112 1540 163 1599 ter
174 1519 208 1589 in
221 1515 395 1591 diressum.
428 1524 526 1613 Porro
537 1521 580 1604 ,in
597 1519 763 1616 systemate
776 1517 917 1591 duorum
931 1543 1106 1615 corporum

113 1617 147 1702 in
160 1613 190 1686 se
206 1615 345 1687 invicem
363 1612 542 1712 agentium,¹
562 1642 638 1689 cum
655 1615 810 1709 distantiae
826 1637 1007 1687 centrorum
1023 1619 1106 1689 utri-

115 1710 217 1806 usque
238 1715 434 1784 acommuni
448 1712 616 1785 amborum
634 1715 798 1810 gravitatis
817 1735 927 1785 centro
945 1710 1006 1783 sint
1022 1716 1105 1785 reci-

114 1833 212 1905 proce
225 1828 263 1878 ut
278 1831 419 1905 corpora,
444 1831 537 1881 erunt
551 1832 659 1882 motus
673 1810 797 1880 relativi
809 1833 981 1905 corporum
989 1833 1105 1880 eorun-

114 1905 191 1977 dem
220 1902 285 1977 five
309 1932 349 1977 ex
370 1908 565 1986 attractione,
591 1907 644 1978 seu
672 1908 718 1978 vi'
732 1907 904 2002 centripcta
916 1931 927 1988 3
957 1903 1022 1974 five
1040 1907 1103 1977 irn-

114 2002 219 2099 pulsu,
244 2002 297 2074 seu
310 2004 345 2075 vi
362 2002 540 2101 centrifuga
551 2002 722 2076 accedendi
737 2001 776 2076 ad
790 2025 934 2074 centrum
953 1999 1033 2073 illud
1050 2005 1104 2075 vel

116 2100 157 2185 ab
180 2096 294 2175 eodem
304 2121 414 2170 centro
427 2097 594 2173 recedendi
611 2103 743 2196 aequales
763 2104 843 2173 inter
860 2100 900 2181 se,
927 2106 961 2168 &
980 2102 1103 2174 veloci-

104 2217 160 2301 ¹tas
182 2193 316 2267 accessus
333 2201 385 2269 vel
401 2195 531 2273 recessus
545 2201 729 2296 corporibus
742 2200 903 2296 reciproce
918 2199 1101 2295 proportio·

113 2295 219 2374 nales3
245 2290 309 2364 hoc
326 2292 371 2364 e'st
388 2292 543 2367 distantiis
573 2290 589 2374 a
614 2319 723 2367 centro
741 2297 906 2394 gravitatis
931 2295 1101 2369 amborum

113 2386 235 2461 direste
261 2393 518 2487 proportionales.
578 2392 678 2465 Unde
699 2420 739 2464 ex
765 2392 828 2464 istis
846 2392 1024 2463 actionibus
1043 2419 1101 2463 au·

112 2488 243 2584 gebitur
260 2489 312 2559 vel
324 2491 486 2561 minuetur
504 2486 648 2562 distantia
664 2491 702 2560 ab
719 2493 774 2561 illo
790 2512 899 2561 centro
917 2492 1100 2586 proportio-

113 2586 241 2656 naliter:
269 2584 469 2680 Proindeque
492 2608 636 2672 centrum
659 2587 740 2666 illud
759 2613 775 2657 a
794 2609 946 2657 motuum
966 2588 1098 2680 aequah'-

114 2678 171 2752 bus
184 2681 414 2754 mutationibus
435 2685 466 2753 in
480 2705 576 2778 partes
595 2687 760 2754 contrarias
779 2683 881 2776 fastis,
907 2705 1002 2774 atque
1021 2682 1101 2754 adeo

113 2777 149 2848 ab
168 2779 345 2851 actionibus
358 2778 476 2851 horum
492 2804 666 2877 corporum
684 2783 765 2851 inter
781 2779 822 2859 se,
849 2778 914 2849 sive
935 2778 963 2848 se
982 2800 1100 2849 mutuo

108 2873 231 2947 trahant
256 2871 320 2946 sive
348 2877 472 2975 fugent,
506 2901 562 2948 nec
587 2899 804 2973 promovetur,
835 2900 894 2946 uec
913 2871 1099 2957 retardatur,

109 2998 166 3043 nec
181 2976 392 3045 mutationem
406 2976 524 3069 patitur
539 2977 569 3045 in
595 2972 676 3046 statu
693 2974 751 3045 suo
767 2970 876 3066 quoad
899 2995 1027 3045 motum
1046 2975 1100 3046 vel

104 3072 265 3162 quietem.
311 3077 353 3142 ·In
367 3069 532 3168 systemate
548 3093 654 3144 autem
671 3096 844 3169 corporum
852 3071 1006 3168 plurium,
1013 3097 1099 3165 qun-

107 3169 192 3238 niam
211 3164 351 3238 duorum
372 3169 561 3261 quorumvis
581 3170 613 3239 in
635 3168 663 3239 se
680 3190 796 3240 mutuo
819 3171 981 3264 agentium
1006 3195 1097 3239 com·

106 3287 203 3334 mune
218 3266 383 3360 gravitatis
406 3286 550 3336 centrum
569 3265 613 3335 ob
631 3268 788 3337 actionem
807 3266 892 3335 illam
920 3267 1097 3335 nullatenus

103 3373 211 3453 murat
230 3359 347 3455 statum
365 3362 471 3460 suum,
498 3369 532 3431 δε
551 3364 762 3456 reliquorum,
796 3361 989 3457 quibusum
1011 3363 1097 3433 attio

106 3458 157 3530 illa
177 3453 357 3539 intercedit,
380 3462 549 3530 commune
565 3456 728 3557 gravitatis
743 3464 897 3529 ‘centrum
922 3456 1097 3529 nihil'inde

105 3555 242 3650 patitur,
268 3552 412 3650 distantiat
432 3552 537 3646 autem
554 3554 670 3642 horum
683 3557 824 3629 duorum
847 3576 1028 3627 centrorum
1043 3549 1095 3623 di·

104 3649 233 3741 viditur
246 3676 263 3722 a
277 3650 440 3724 communi
459 3648 634 3750 corporum
648 3657 793 3737 omnium
806 3675 916 3724 centro
935 3654 966 3721 in
983 3671 1093 3749 partes,

106 3746 236 3819 summis
250 3751 400 3822 totalibus
415 3765 586 3848 corporum
600 3752 740 3845 quorum
755 3751 825 3823 sunt
837 3769 943 3819 centra
955 3750 1093 3838 gravita-

103 3845 157 3928 tis,
182 3847 342 3944 reciproce
360 3850 605 3945 proportionales
611 3876 624 3942 5
651 3847 795 3946 adeoque
811 3848 925 3919 centris
939 3847 1094 4012 illis'dpp·
