2452 4366
244 124 964 201 mmo-Maritimam&
1050 148 1116 229 335

124 269 324 369 cnipmibui,
348 263 494 360 adeoque
506 266 627 339 stream
639 268 820 361 quantitate
837 269 980 340 materie
997 270 1122 345 initiali

128 376 166 461 βε
181 369 302 441 remitti
316 388 465 460 nequeat,
489 364 629 463 suspicor
645 364 806 438 ascensum
823 366 918 439 illum
940 392 982 438 cx
1000 368 1121 443 rarefa-

127 468 232 540 dlione'
245 468 383 538 naenia
395 462 571 537 caudarum
579 466 690 561 potius
702 465 795 535 oriri.
844 464 1002 539 Ascendit
1009 466 1123 541 innius

121 564 302 655 incamino
326 562 466 660 impulsu
482 566 560 637 aeris
579 564 636 634 cui
656 565 786 635 inmtat.
835 566 907 635 Aer
924 564 976 635 ille
992 590 1051 665 per
1067 592 1122 639 ca·

120 664 225 739 lorcin
243 662 413 735 mestuus
430 660 583 741 ascendit,
606 660 652 731 ob
680 660 876 732 diminutam
903 662 991 735 suam
1006 666 1120 763 gravi-

121 782 224 836 tatem
247 760 440 859 specificam,
464 766 499 831 &
517 759 650 833 fumum
668 761 871 857 implicatum
891 763 975 859 rapit
999 770 1119 837 lecturi.

119 858 247 948 Quidni
266 857 367 933 cauda
384 862 537 930 Cometa
560 856 602 929 ad
620 856 759 928 eundern
780 854 919 930 modum
945 858 1121 935 ascenderit

122 956 245 1049 nsok}
272 955 452 1035 Nammdii
465 958 584 1031 Solae
602 980 666 1027 non
685 958 806 1055 agitant
822 954 938 1030 Media
956 983 1032 1055 quat
1045 972 1119 1059 'per-

119 1078 238 1138 meant‚
261 1054 321 1129 nifi
335 1054 553 1133 inreflexinne
572 1060 608 1125 dt
627 1053 828 1126 refrauione.
878 1056 1049 1129 Particulu
1066 1068 1119 1131 re·

117 1152 283 1251 glasteiae
303 1180 340 1227 ea
361 1154 485 1227 afflone
502 1152 662 1227 calefadae
681 1150 866 1224 calefacient
885 1178 996 1227 auram
1017 1155 1119 1231 athe·

119 1246 205 1325 r'eaiii
226 1252 282 1326 eui
306 1254 353 1325 im
389 1255 524 1325 cantur.¹
572 1252 633 1323 Illa
657 1252 763 1322 calore
789 1244 851 1321 sibi
875 1256 1118 1331 communicato

121 1349 256 1432 arefiet,
279 1357 316 1422 ἃ
332 1252 398 1423 ugk
397 1348 592 1423 diminutam
613 1374 649 1420 ea
666 1349 792 1420 raritate
808 1350 1002 1451 gravitatem
1028 1352 1115 1427 liram

120 1444 145 1519 s
194 1450 204 1463 '
229 1472 300 1521 cam
323 1474 388 1544 qua
411 1451 500 1546 p'riiis
524 1445 674 1519 tendebat
698 1448 731 1518 in
759 1448 884 1527 Solem,
910 1446 1054 1525 ascendet
1079 1458 1116 1537 de

137 1546 229 1647 ¹cu'm
251 1546 355 1645 rapiet
377 1546 546 1645 particulas
570 1544 770 1625 reflectentes
796 1568 838 1617 ex
869 1546 989 1640 quibus
1014 1548 1117 1623 cauda

116 1644 344 1835 <cliplir‘itpcppp'tura
383 1643 442 1715 Ad
464 1643 624 1716 ascensum
647 1668 807 1740 vaporum
835 1642 993 1717 conducit
1017 1652 1117 1721 etiarn

446 1744 532 1814 circa
554 1743 662 1813 Solem
677 1748 712 1811 de
726 1765 762 1811 ea
777 1742 902 1814 idione
922 1768 1079 1819 conantur
1094 1744 1117 1819 ὶ

118 1840 193 1911 Sole
202 1863 255 1912 rec
348 1886 360 1921 ‚
386 1861 417 1913 at
430 1840 510 1912 Solis
524 1838 651 1911 Atmos
664 1835 749 1910 haera
761 1845 796 1909 δι
807 1840 938 1913 materia
949 1843 1115 1917 caelorum

120 1934 175 2008 uel
184 1938 272 2035 plane
287 1936 439 2030 quiescit,
463 1940 517 2010 iiel
531 1942 629 2009 iiiotu
641 1863 708 2009 solo
718 1961 820 2031 quein
832 1938 850 2011 ἒι
864 1936 944 2008 Solis
954 1942 1115 2013 rotatione

119 2032 175 2105 aec
224 2032 228 2039 ’
249 2036 257 2049 ’
280 2056 308 2117 t,
331 2034 454 2107 tardius
472 2057 622 2134 gyratur.
672 2036 740 2106 Ha
764 2033 837 2106 sunt
854 2032 955 2107 causa
973 2036 1115 2111 ascensus

120 2154 181 2202 cau
301 2133 468 2211 invicinia
482 2134 575 2214 Solis,
601 2130 660 2203 ubi
679 2130 772 2203 orbes
790 2133 954 2205 curviores
967 2132 1052 2215 sunt,
1077 2138 1115 2207 8:

116 2226 264 2302 Cometa
288 2230 371 2303 intra
391 2227 572 2303 densiorem
587 2236 622 2301 δι
641 2255 677 2301 ea
691 2233 814 2302 ratione
833 2232 1017 2329 graviorem
1032 2232 1116 2309 Solis

115 2324 371 2425 Atrnosphaeram
391 2324 579 2409 consistunt,
612 2333 647 2399 δι
666 2327 783 2401 caudas
799 2354 898 2425 quani
918 2326 1115 2431 longissimas

113 2447 192 2496 mox
204 2424 372 2498 emittunt.
406 2430 496 2499 Nam
513 2423 623 2499 cauda
634 2449 710 2518 quae
729 2447 808 2498 tunc
828 2427 1012 2511 nascuntur,
1032 2426 1113 2503 con·

113 2518 268 2595 servando
279 2545 411 2596 motum
430 2523 524 2597 suum
546 2529 581 2595 δι
600 2522 717 2594 interea
737 2522 845 2595 versus
874 2526 981 2598 Solem
1002 2528 1112 2625 gravi·

111 2616 223 2700 tando,
248 2620 469 2695 movebuntur
481 2620 567 2693 circa
583 2620 691 2693 Solem
713 2621 744 2691 in
762 2619 937 2719 Ellipfibus
946 2646 1007 2721 pro
1018 2648 1112 2696 more

111 2716 268 2815 capitum,
292 2725 328 2790 δι
338 2743 395 2819 per
411 2741 540 2791 motum
552 2719 645 2792 illuni
658 2718 762 2816 capita
773 2716 892 2817 semper
907 2720 1112 2795 comitabun-

109 2833 167 2886 tur
180 2821 215 2887 δι
230 2816 269 2888 iis
288 2816 448 2890 liberrime
463 2815 684 2889 adhaerebunt.
734 2816 883 2889 Gravitas
902 2816 988 2888 enim
1010 2844 1110 2918 vapo·

110 2914 238 2985 ium'in
260 2916 368 2987 Solem
385 2940 449 2986 non
470 2914 573 3015 inagis
588 2911 709 2987 efficiet
728 2934 766 2985 ut
786 2911 897 2987 caudae
918 2911 1025 3013 postea
1051 2915 1110 2990 dc·

110 3008 219 3082 cidant
231 3009 250 3081 l
261 3036 297 3084 ca
320 3012 417 3085 itibus
434 3014 541 3097 Solem
556 3013 675 3093 versus,
699 3036 798 3105 quain
808 3013 947 3113 gravitas
965 3016 1110 3111 capitum

109 3102 238 3195 efficere
247 3037 344 3205 podir
355 3132 393 3183 ut
403 3106 475 3182 haic
487 3109 638 3184 decidant
651 3110 667 3184 l
681 3106 803 3181 caudis.
841 3113 1022 3183 Communi
1034 3138 1109 3209 grt-

111 3202 211 3280 vitate
230 3208 284 3278 vel
296 3204 392 3281 sunul
410 3208 442 3281 in
463 3210 571 3281 Solem
587 3207 719 3286 cadunt,
744 3209 797 3279 vel
817 3204 913 3281 simul
932 3211 964 3280 in
983 3206 1108 3281 ascensu

108 3300 167 3377 suo
186 3302 442 3387 retardabuntur‚
468 3306 615 3401 adeoque
636 3307 773 3404 gravitas
801 3307 854 3379 illa
877 3330 941 3377 non
956 3304 1107 3403 impedit.

108 3426 179 3498 quo
195 3405 300 3477 minus'
312 3401 424 3477 cauda
438 3411 473 3476 δι
495 3406 597 3502 capita
616 3401 807 3503 positionem
821 3428 1050 3498 quamcunque
1067 3400 1109 3475 ad

108 3494 250 3597 invicem
263 3504 280 3573 a
294 3498 395 3574 causis
419 3501 484 3593 jam
507 3499 671 3599 descriptis
693 3522 749 3573 aut
769 3501 837 3573 aliis
857 3498 1107 3597 quibuscunque

107 3594 260 3671 facillime
280 3596 487 3696 accipiant&
502 3598 609 3695 postea
621 3600 784 3672 liberrime
803 3597 936 3670 servent.

158 3696 284 3769 Caudae
301 3698 491 3808 igiturque
508 3699 541 3768 in
560 3702 771 3769 Cometarurn
793 3692 951 3791 perihcliis
974 3692 1105 3767 nascun-

109 3812 177 3877 tur,
202 3819 236 3871 m
260 3819 404 3897 regiones
423 3794 611 3897 longinquas
632 3821 709 3897 cuin
722 3818 838 3867 eorum
857 3791 1105 3957 capitibusbabi·

1036 3906 1103 3959 unt.
