2484 4366
267 186 959 273 amireo-MATHEMATM
1043 197 1115 298 '¹35

114 324 242 401 startia
260 325 380 412 ratione
401 323 537 408 ditesl'e,
558 348 673 424 corpus
689 322 831 420 quodvis
850 315 884 400 in
906 338 943 402 ‘ea
961 332 1113 404 revolve,-

117 437 184 506 ret,
204 421 340 509 simodo
352 425 439 496 vires
459 426 640 521 centripeta
663 422 704 496 ad
726 427 885 522 punctum
910 429 1046 522 centrale
1065 429 1114 502 es-

122 524 190 595 sent
214 523 297 594 inter
329 519 361 603 se
387 523 419 593 in
446 521 509 620 ipsa
536 521 756 607 distantiarum
786 526 907 604 ratione
938 528 1115 624 reciproca.

124 627 212 697 Nam
244 618 270 692 fi
301 631 471 698 curvatura
499 622 532 692 in
562 619 737 714 equalibus
757 623 880 724 angulis
911 621 953 698 srt
978 640 1020 697 ex
1049 622 1117 724 hya

112 715 246 818 ‘pothesr
267 719 301 790 in
322 715 485 817 duplicata
497 716 652 802 distantia
665 722 784 793 ratione
805 718 940 803 directe,
961 724 1025 796 erit
1041 747 1116 797 cur·

114 837 233 900 vattara
252 812 329 895 dato
344 837 487 916 ¹tempore
500 815 688 913 sempersrbi
701 814 1032 915 aequalisindistantiis
1042 845 1116 893 orn-

114 915 212 988 nibus
221 941 233 998 3
254 920 372 985 &curn
384 915 535 987 velocitas
544 912 583 987 lit
590 900 710 1013 semper
725 937 763 988 ut
780 913 924 990 distantia
937 920 1117 1016 reciproce,

117 1019 216 1085 e'rurrt
229 1012 513 1111 virescentripeta‚
529 1037 571 1084 er
583 1025 750 1085 cuvatura
759 1017 969 1092 &velocitate
982 1016 1118 1111 conjur-

119 1092 183 1182 ἄϊε
198 1108 399 1192 aestimandae,
417 1131 455 1184 ut
475 1108 621 1188 distantia
636 1113 811 1209 reciproce,
832 1119 999 1212 &corpus
1015 1111 1119 1192 inissa

122 1222 223 1291 curva
240 1208 441 1281 movebitur.
529 1216 641 1291 .E.D.

171 1306 224 1377 Sic
243 1309 353 1388 etiarn,
367 1304 391 1377 li
404 1331 498 1400 quae
524 1328 556 1379 et
569 1333 669 1380 curva
684 1307 836 1406 regularis
845 1305 937 1396 cujus
946 1329 1118 1384 curvatum

117 1405 273 1497 lquovis
293 1406 414 1503 puncto
435 1406 564 1476 cen'trali
579 1402 662 1477 elset¹
675 1407 706 1477 in
727 1408 882 1502 triplicata
898 1403 1056 1479 distantia
1070 1421 1121 1478 rar·

115 1504 206 1574 ti'orie
225 1501 360 1583 diretta,
376 1501 518 1597 quodvis
534 1526 646 1599 corpus
666 1505 748 1575 inea
767 1506 958 1594 revolveret,
978 1502 1120 1576 simodo
1216 1520 1224 1532 ’

114 1601 199 1671 vires
214 1601 399 1696 centripeta
418 1598 459 1671 ad
474 1602 631 1698 putidum
647 1600 782 1671 centrale
800 1599 896 1673 efferat
911 1605 943 1674 in
969 1605 1120 1677 omnibus

113 1694 274 1769 distantiis
306 1699 452 1791 aequales.
503 1703 591 1769 Nam
628 1694 653 1767 st
679 1719 848 1780 cauvatura
876 1701 908 1770 in
940 1701 1119 1793 aequalibus

118 1795 243 1892 augulis
262 1792 302 1867 stt
320 1820 362 1865 ex
380 1791 555 1892 hypothesi
576 1797 609 1866 in
635 1795 793 1890 triplicata
820 1796 941 1866 ratione
963 1795 1121 1868 distantiat

117 1891 258 1971 decue,
275 1892 337 1964 erit
349 1914 518 1964 curvatura
537 1889 614 1963 dato
632 1914 777 1988 tempore
801 1891 920 1989 semper
943 1913 981 1964 ut
1003 1891 1122 1965 distan-

115 1987 313 2068 tiadir'edl'ea
331 1996 365 2060 &
385 1996 461 2061 cum
477 1991 629 2061 velocitas
651 1986 691 2061 fit
710 1990 832 2086 semper
847 2011 885 2061 ut
900 1988 1046 2074 distentia
1069 2015 1121 2062 re·

118 2088 262 2183 ciprocc,
288 2089 371 2159 vires
384 2089 566 2184 centripetae
592 2087 637 2156 ob
659 2088 873 2181 aequalitatem
890 2089 1053 2163 rationum
1067 2085 1121 2161 di,

114 2186 218 2263 restae,
231 2191 266 2254 &
283 2188 458 2282 reciprocae
479 2204 572 2259 erunt
588 2184 710 2278 ubique
730 2186 876 2280 aquales,
902 2193 936 2256 &
950 2208 1069 2285 corpus
1088 2187 1122 2272 iu

118 2281 184 2371 ista¹
195 2307 296 2353 curva
307 2283 505 2363 movebitur,

169 2383 269 2451 XXI.
297 2382 331 2453 Si
350 2403 468 2477 corpus
486 2399 656 2455 moveatur
682 2383 715 2453 in
739 2379 854 2478 Ellipsr
871 2383 956 2452 circa
976 2379 1121 2471 ejusdem

117 2475 252 2557 focum,
270 2478 319 2548 vis
346 2479 518 2574 centripeta
534 2480 596 2548 erit
615 2477 738 2573 ubique
764 2481 797 2551 in
816 2477 979 2576 duplicata
1002 2480 1124 2558 ratione

123 2571 284 2646 distantia
300 2573 340 2645 ab
356 2573 471 2646 eodem
491 2572 570 2644 foco
588 2572 763 2672 reciproce.

173 2670 233 2742 Est
258 2673 342 2743 en'im
362 2676 415 2744 uti
439 2673 519 2743 olim
541 2674 723 2746 notavimus
741 2676 773 2749 in
793 2672 955 2770 ellipfium
975 2679 1009 2743 δε
1024 2696 1124 2839 para.-

119 2768 272 2841 bolarum
290 2775 324 2839 δι
342 2766 590 2868 hyperbolarum
615 2769 756 2867 partibus
777 2768 912 2841 diversas
937 2793 1023 2860 quoa
1070 2767 1123 2838 fo,

118 2892 201 2939 cum
222 2887 391 2939 curvatura
410 2868 533 2959 ubique
561 2869 593 2937 in
612 2866 746 2938 arcubus
768 2864 926 2936 similibus
944 2863 1066 2937 diresle
1086 2863 1139 2937 ut

117 2961 281 3044 distantia,
296 2970 332 3052 δε
347 2967 379 3036 in
398 2964 539 3063 partibus
559 2965 733 3057 aequalibus
747 2962 867 3060 semper
889 2966 1028 3058 aequalis.
1062 2961 1123 3036 Est

116 3081 230 3143 autern
253 3063 404 3136 velocitas
430 3063 550 3155 ubique
574 3063 606 3154 iu
629 3061 784 3146 distantia
808 3066 930 3135 ratione
947 3065 1120 3158 reciproca.

122 3166 202 3255 'ergo
217 3162 249 3231 in
270 3160 405 3231 arcubus
426 3157 520 3231 simul
537 3157 700 3260 descriptis
713 3172 887 3232 curvatura
901 3159 947 3233 est
959 3163 1125 3257 reciproce

124 3278 163 3326 ut
175 3255 319 3329 distantia
335 3258 354 3326 l
374 3258 463 3337 foco,
477 3279 572 3351 atque
588 3260 619 3328 in
634 3257 745 3338 eadem
758 3262 878 3331 ratione
893 3261 1059 3354 reciproca
1076 3253 1125 3326 est

119 3354 219 3426 etiarn
236 3357 392 3427 celeritasr
420 3354 504 3426 unde
516 3357 565 3427 vis
579 3359 751 3453 centripeta
767 3382 807 3427 ex
822 3369 1004 3427 curvaturas
1024 3359 1058 3425 &
1072 3377 1126 3424 cen

120 3454 254 3524 irritatis
273 3453 447 3526 rationibus
463 3453 642 3544 conjunblis
656 3452 838 3526 aestimanda
853 3455 914 3525 erit
927 3448 1128 3550 induplicata

119 3552 242 3622 ratione
256 3549 413 3623 distantiae
428 3551 447 3621 ὲ
461 3550 539 3622 foco
554 3555 732 3650 reciproce.
782 3557 841 3654 „Q
838 3559 879 3621 E.
889 3557 936 3621 D.

173 3651 278 3718 Coroll.
297 3654 367 3739 (1.)
404 3652 437 3721 Si
452 3651 591 3746 corporis
601 3651 740 3742 cujusvis
754 3650 914 3721 attractivi
930 3648 1011 3718 vires
1020 3642 1080 3717 smt
1093 3647 1126 3719 ln

125 3741 285 3839 duplicata
292 3751 411 3818 ratione
419 3745 786 3821 distantiarumlcentro
794 3745 852 3816 suo
860 3746 1035 3841 reciproce,
1051 3770 1125 3816 cor-

119 3843 1128 3948 poraomnialaltemquorummotutunproit'stilitut'tdlreffion

719 3945 802 4057 ,lla
1026 3957 1127 4023 muts
