2484 4366
250 158 962 251 amireo-MATHEMAr-rcoe.
1045 188 1109 262 303

116 298 236 383 laribus
261 296 352 395 supra
381 298 572 395 gravitatem
596 295 637 369 nd
663 318 865 392 aquatorem
885 302 1114 399 experimentis

101 397 234 488 ¹⁸yrrrajori
257 400 335 487 cuia
364 393 516 468 institutis
543 416 690 467 accurate
711 395 841 469 tandem
868 396 1114 482 determinetur,

117 486 399 587 'Determinabitur
420 492 573 567 Mensura
600 493 814 577 Universali53
841 519 877 567 ea
902 520 1015 595 nempe
1038 523 1115 600 que

114 590 253 691 penduli
364 591 401 665 lis
415 593 548 665 minutis
567 591 760 665 secundisin
779 593 858 681 locis
873 594 956 666 inter
969 617 1115 690 aquato,-

118 707 192 763 rem·
216 697 251 763 &
270 715 317 790 po
383 686 499 762 mediis
522 690 689 763 oscillantis
711 687 948 793 longitudinem
965 715 1114 775 accurate
1178 696 1182 700 ’

112 785 265 881 definiat,
314 784 416 863 Unde
434 808 502 860 tarn
519 790 681 880 AEquatio
705 790 880 887 Temporis
899 812 956 893 per
979 793 1114 884 aequalie

113 883 259 984 pendula
275 887 308 957 in
324 884 403 957 locis
420 883 553 959 diversis
572 884 716 965 indicati,
744 911 844 980 quam
868 893 932 959 Pro
975 889 1039 960 rtio
1066 890 1113 965 se·

119 981 396 1074 midiametrorum
414 987 542 1065 Terrae,
567 1010 603 1056 ac
624 980 799 1067 Densrtatis
814 911 1112 1074 ejuraddenmrm,

117 1080 223 1154 ruodo
234 1080 438 1163 uniformiter
449 1082 585 1154 crescere
599 1082 803 1180 supponatur,
829 1107 890 1165 una
909 1085 1112 1157 innotescent.
1132 1109 1134 1112 ·

172 1174 303 1266 Caroli(
331 1191 358 1267 .)
389 1184 480 1265 Cum
490 1181 573 1254 ratio
587 1179 627 1253 sit
639 1176 751 1251 eadem
764 1180 797 1253 in
814 1181 912 1275 canali
927 1206 1008 1274 aqua
1019 1185 1114 1278 pleno

120 1301 159 1348 ae
171 1278 203 1358 in
215 1276 311 1349 canali
323 1274 428 1363 fluido
443 1279 561 1371 quovis
571 1281 677 1377 pleno,
690 1275 905 1363 eademetiam
917 1304 953 1359 ac
967 1281 1115 1369 inTerra

114 1375 209 1469 *intus
224 1372 336 1456 fluida,
369 1373 450 1449 dum
470 1377 587 1450 interea
611 1379 643 1448 in
667 1380 768 1449 Terra
785 1372 884 1447 solida
901 1402 948 1448 res
968 1377 1059 1448 aliter
1082 1376 1113 1450 st

118 1468 258 1556 babeat3
295 1476 387 1547 Cum
399 1472 495 1549 etiam
504 1476 625 1549 'notum
640 1471 680 1546 sit
696 1497 753 1572 per
764 1471 927 1555 observata
941 1477 1116 1573 &experi-

118 1591 242 1651 menta,
262 1568 355 1665 quod
368 1574 471 1666 Terra
487 1570 590 1653 nostra
615 1597 725 1645 revera
746 1572 840 1647 altior
855 1569 895 1644 stt
915 1571 955 1644 ad
970 1594 1115 1668 aquato·

118 1692 189 1740 rern
204 1693 303 1762 quam
318 1665 358 1741 ad
375 1670 475 1767 polos,
500 1667 617 1749 exinde
638 1666 760 1743 constat
779 1691 834 1751 aut
852 1668 990 1752 Terram
1010 1691 1114 1760 totam

110 1763 261 1858 ‘fluidam
277 1763 372 1838 fuisse
385 1791 462 1838 cun-r
481 1768 626 1865 primum
642 1769 796 1864 inciperet
815 1789 923 1851 motus
940 1767 1009 1856 ejus
1019 1767 1114 1839 diur-

120 1887 192 1944 nus,
218 1884 273 1936 aut
296 1863 402 1936 saltem
424 1866 456 1937 in
480 1890 532 1939 ens
549 1863 690 1945 fluidum
704 1867 789 1936 intus
803 1863 1004 1952 continuisse,
1019 1864 1114 1959 quod

121 1958 275 2037 cedendo
279 1963 418 2059 partium
435 1889 480 2035 ad
496 1965 595 2043 Polos,
607 1958 796 2063 depressioni
808 1968 843 2034 &
859 1961 902 2047 ad
917 1954 1114 2057 aquatorerr'r

124 2059 293 2142 elevationi
304 2061 415 2145 locum
425 2058 523 2137 daret.

174 2159 278 2227 Coroll.
305 2163 320 2242 (
346 2157 374 2245 .)
407 2158 441 2228 Si
466 2155 678 2235 retardaretur
703 2155 860 2257 gradatim
887 2177 995 2229 motus
1018 2177 1113 2228 terrae

119 2253 267 2334 diurnus,
278 2185 338 2327 nisi
355 2279 391 2327 ea
410 2254 551 2327 fluidum
563 2257 693 2331 interius
701 2255 874 2335 contineat,
899 2254 990 2350 quod
998 2254 1113 2354 figurae

120 2353 294 2426 mutationi
315 2355 427 2425 locum
447 2349 522 2426 dare
547 2351 656 2451 poss'rt,
684 2356 781 2429 maria
808 2349 913 2425 versus
937 2356 1029 2452 polos
1052 2352 1113 2426 de-

119 2449 317 2532 scenderent,
343 2450 453 2543 ibique
467 2453 573 2524 omnia
586 2447 785 2524 inundarent.

172 2552 278 2620 Corelli
291 2554 362 2645 (4)
391 2549 424 2619 Si
442 2551 577 2622 Planetae
590 2547 719 2640 majoris
733 2547 787 2621 vel
799 2549 943 2631 minoris,
966 2546 1052 2620 datae
1064 2569 1113 2620 ta·

118 2672 195 2723 men
211 2644 373 2720 densrtatis
391 2667 499 2720 motus
517 2646 652 2738 diurnus
674 2647 843 2719 iuratione
856 2671 1048 2739 quacunque
1058 2671 1114 2719 ac·

121 2745 279 2816 celeretur
286 2746 340 2819 vel
349 2739 536 2825 retardetur,
549 2744 719 2844 augebitur
733 2741 805 2821 inde
821 2745 875 2814 vel
886 2744 1051 2818 minuetur
1062 2745 1117 2816 vir

119 2839 351 2939 centrifugain
372 2838 533 2939 duplicata
549 2843 602 2929 illa
614 2843 756 2925 ratione;
783 2860 913 2941 propter
925 2838 1113 2938 audasnin'de

122 2942 177 3013 vel
189 2937 361 3012 diminutas
375 2960 440 3012 tam
456 2961 661 3033 curvaturam
674 2964 771 3034 quam
791 2940 996 3013 velocitatem
1015 2940 1047 3010 in
1060 2965 1116 3012 ea·

121 3034 200 3113 dem
218 3037 271 3109 illa
289 3039 426 3120 ratione3
455 3045 673 3135 &propterea
696 3034 890 3117 Differentia
915 3035 1118 3109 semidiame«

121 3156 249 3207 trorum
267 3136 438 3233 augebitur
456 3136 509 3207 vel
525 3137 689 3210 minuetur
700 3136 731 3208 in
744 3131 854 3208 eadem
867 3133 1027 3232 duplicata
1039 3135 1114 3204 rati-

120 3257 195 3304 one.
246 3235 300 3305 Sin
312 3229 446 3305 densrtas
459 3255 613 3330 augeattu
623 3234 845 3312 velminuatur
857 3235 890 3304 in
901 3234 1021 3303 ratione
1031 3249 1114 3322 qua]-

123 3355 262 3424 cunque,
296 3352 424 3430 propter
442 3333 632 3427 gravitatem
657 3333 688 3403 in
711 3331 821 3404 eadem
843 3332 962 3409 ratione
988 3329 1114 3398 anetam

124 3431 178 3500 vel
189 3427 394 3511 diminutam,
419 3424 600 3505 differentia
621 3426 925 3504 semidiametrorutn
951 3429 1115 3507 minuetur

118 3528 177 3610 Qvel
192 3526 363 3625 augebitur
376 3530 407 3598 in
421 3523 530 3598 eadem
543 3516 594 3599 ilu'
606 3529 744 3625 ratione,
787 3530 866 3599 Hoc
879 3524 937 3605 est,
950 3519 1115 3595 Differen,

120 3626 168 3696 tia
185 3621 492 3697 semidiametrorum
511 3627 573 3712 erit
591 3626 763 3704 iuratione
781 3622 956 3720 composita
975 3647 1015 3691 ex
1036 3623 1117 3694 rati«

123 3746 184 3807 ope
201 3725 404 3821 Temporum
425 3720 671 3805 Periodicorum
684 3720 857 3819 duplicata,
883 3727 976 3799 &ex
995 3720 1115 3815 ratione
1203 3786 1205 3790 .

123 3815 283 3917 densitatis
298 3817 446 3924 simplici,
460 3841 593 3924 utraque
611 3821 786 3920 reciproca.
836 3817 939 3894 Unde
958 3844 1034 3984 epm
1048 3815 1116 3926 dis-

711 3922 718 3935 '
1000 3923 1138 4006 etenira
