2484 4366
59 280 64 297 Ι
119 196 170 297 7⁶
353 178 357 185 '
394 174 831 265 uuaerrcrro'ruro

116 321 269 404 cadentis,
293 342 334 398 ut
353 321 475 402 chorda
496 330 569 408 CB,
593 321 635 395 ad
652 315 806 392 chordam
819 323 901 392 ΗΒ.
935 314 996 390 Est
1007 318 1104 399 enirn}

426 446 467 499 ut
502 448 581 497 mox
616 413 914 498 demonstrabimus,
953 416 1140 488 velocior·

316 499 343 558 Π·
361 518 392 576 5·
427 522 599 621 *corporis
621 542 677 616 per
701 539 810 585 arcum
829 520 858 586 C
864 522 889 586 Β
915 511 1106 593 decidentis,

430 625 463 697 in
486 621 608 721 pundo
631 612 743 687 infimo
770 619 807 692 Β,
841 618 922 708 (qua
951 613 1103 684 nimirum

118 745 236 819 corpus
253 742 398 819 pergeret
423 720 548 794 moveri
574 709 748 784 secundum
766 711 878 781 lineam
897 711 1019 782 redium
1043 708 1107 779 cir·

117 820 231 895 culum
248 821 281 890 in
300 825 325 890 Β
342 842 535 918 tangentem,
556 812 581 886 fi
601 813 633 881 in
651 818 676 882 Β
694 806 788 879 filum
804 808 1028 903 relinqueret‚)
1056 828 1105 876 ea·

117 918 302 1010 dematque
316 941 351 989 ea
364 943 463 1012 quam
475 914 604 988 haberet
620 907 787 1003 inpundo
800 911 839 985 F,
857 903 934 1005 fipe
992 901 1105 1013 ridicu·
1145 996 1149 1003 ι

118 1014 228 1088 rariter
242 1036 298 1110 per
317 1021 377 1085 CF
385 1011 563 1088 decidisset.
611 1011 658 1078 Et
675 1001 785 1075 eadem
799 1003 918 1076 ratione
926 929 991 1075 esde
985 1002 1102 1076 veloci·
1140 1044 1146 1067 r

119 1134 167 1186 ras
184 1106 327 1208 corporis'
346 1136 403 1210 per
423 1105 532 1185 arcum
555 1111 623 1176 ΗΒ
644 1097 857 1173 descendentis
876 1100 987 1174 eadem
1012 1119 1103 1191 atque

120 1205 414 1316 eaquam'haberet
434 1213 466 1283 in
481 1204 612 1380 pundo
631 1205 666 1269 K
686 1196 710 1269 fi
730 1195 1033 1311 perpendiculariter
1052 1217 1102 1306 per

120 1309 200 1379 ΗΚ
208 1301 397 1381 deudiffet:
427 1307 481 1405 [ca
504 1331 556 1399 em
570 1321 698 1396 nemper
712 1297 870 1381 celeritate
885 1321 942 1396 per
952 1297 1048 1394 spatia
1060 1315 1101 1364 rn-

121 2589 173 2639 ter
183 2563 325 2662 parallelo
330 2564 418 2660 plana
432 2564 587 2664 impressa,
604 2564 669 2640 five
681 2567 1011 2738 transrtuspereadem
1021 2575 1103 2684 plara

120 2663 165 2736 fit
180 2658 457 2760 perpendicularis,
482 2667 568 2736 utin
586 2668 770 2764 corporibus
793 2693 827 2738 ca
852 2670 976 2741 entibus
997 2695 1053 2769 per
1067 2672 1103 2742 h·

122 2785 191 2834 neas
208 2761 304 2833 reeca<
317 2756 476 2833 horizonti
491 2762 756 2861 perpendiculares
765 2793 776 2848 3
810 2763 876 2837 five
889 2765 929 2837 fit
941 2768 1101 2862 obliquus,

123 2879 163 2930 ut
176 2860 208 2930 in
221 2857 406 2954 corporibus
417 2859 559 2955 pendulis
568 2888 658 2934 arcus
667 2864 832 2934 circulares
844 2863 1103 2956 describentibus,¹

123 2957 173 3027 uti
184 2955 314 3025 inferius
329 2956 448 3051 patebit
462 2959 613 3055 plenius.]
649 2958 709 3030 Est
724 2963 830 3053 itaque
844 2964 1007 3034 Velocitas
1021 2969 1103 3034 Cor·

121 3053 206 3149 poris
219 3075 276 3148 per
294 3075 403 3122 arcum
420 3060 476 3124 CB
495 3052 720 3138 descendentis,
754 3057 794 3130 ad
812 3061 1018 3132 velocitatem
1037 3086 1107 3132 cor·

121 3148 207 3248 poris
225 3172 281 3246 per
290 3168 408 3220 orcum
425 3155 495 3223 ΗΒ
513 3151 738 3237 descendentis,
763 3179 801 3229 ut
813 3159 981 3230 'Velocitas
993 3181 1109 3254 corpo-

466 3252 509 3321 ris
515 3275 571 3348 per
585 3259 647 3322 CF
655 3252 843 3335 decidentis,
856 3253 896 3326 ad
903 3257 1108 3327 velocitatem

158 3325 426 3432 immam?
467 3353 607 3446 corporis
631 3366 686 3448 per
709 3357 787 3419 HK
807 3349 995 3424 decidentis.
1046 3350 1107 3447 Sed

122 3423 152 3480 4'
168 3404 246 3480 ''fii‘'
470 3445 515 3517 est
540 3459 558 3527 †
579 3451 730 3520 velocitas
744 3451 884 3546 corporis
897 3473 954 3546 per
974 3455 1038 3520 CF
1052 3447 1107 3527 dez

122 3542 268 3622 cidentis,
292 3544 333 3617 ad
347 3543 550 3617 velocitatem
576 3549 716 3642 corporis
743 3569 799 3641 per
825 3551 902 3616 HK
920 3544 1109 3624 decidentis,

433 3644 464 3713 in
480 3640 696 3739 subduplicata
707 3643 826 3713 ratione
840 3643 928 3714 lineae
946 3649 1011 3713 CF
1021 3639 1063 3714 ad
1070 3645 1109 3721 lic

126 3798 134 3813 .
161 3722 180 3758 ⁴
202 3730 250 3780 Μ’
270 3729 349 3798 P⁷⁰P··
366 3736 393 3782 ²·
430 3764 520 3814 neam
536 3745 619 3821 HK,
646 3741 695 3813 uti
713 3738 793 3810 infra
815 3736 1107 3837 demonstr-abitum

122 3797 201 3877 ψ’
431 3831 927 3934 &estquoque*chordac·13‚
951 3828 1113 4021 edCipor·

596 3989 600 3999 s
1062 3956 1118 4006 am.
