2452 4366
215 188 264 269 74
365 98 370 111 Ι
480 158 957 269 ΡΚνΕᾸΒζΕΤΙΟΝΕὸ

215 290 276 363 bus
294 284 412 363 statum
431 283 525 357 suum
545 282 699 363 movendi
720 286 773 357 vei
796 286 1007 381 quiescendi
1026 288 1195 371 servantibus

216 408 389 467 commune
410 382 557 453 omniurn
577 403 724 454 centrum
742 384 917 481 gravitatis
941 386 1195 465 servaretiamb·

214 508 289 561 tum
305 483 417 565 sumn3
444 478 648 552 manifestum
670 477 718 551 est
737 478 830 575 quod
852 506 1046 567 commune
1061 484 1140 561 illud
1152 512 1195 559 orn

215 588 308 659 nium
324 602 468 653 centrum
487 578 533 649 ob
551 578 688 653 amores
710 576 863 651 binorum
888 606 1082 683 corporum
1097 582 1195 657 interi

217 702 382 774 nunquam
399 696 504 747 mutat
531 672 647 746 statum
670 674 763 747 suum
782 674 896 770 quoad
916 702 1064 755 motum
1082 688 1118 755 δι
1135 682 1195 779 qui·

219 800 300 859 rem.
350 781 388 847 In
409 775 465 849 tali
489 793 596 845 autern
612 774 757 844 omnium
772 770 951 871 systemate
965 780 1195 853 actionem

219 898 394 973 corporum
408 873 491 942 inter
505 871 535 942 se
554 872 606 941 vel
621 874 703 945 inter
716 869 788 942 bina
801 870 873 943 sunt
887 900 1055 973 corpora,
1083 872 1196 951 ubiniii

221 974 319 1049 sntio
338 970 440 1041 centri
458 968 623 1065 gravitatis
642 965 816 1065 systematis
830 990 1014 1059 mutatur3
1045 978 1102 1049 uti
1110 974 1196 1067 jamri

220 1071 347 1151 dimus3
374 1065 661 1139 velabauionibus
677 1067 757 1137 inter
770 1066 843 1137 bina
851 1068 1072 1167 compositae,
1098 1078 1197 1173 &prop

224 1192 309 1243 terea
330 1166 495 1237 communi
522 1165 667 1235 omnium
687 1164 852 1259 gravitatis
870 1188 992 1241 centro
1013 1174 1198 1245 mutatiort!

224 1270 260 1343 in
273 1264 356 1338 statu
369 1285 476 1335 motus
492 1262 539 1331 sui
553 1264 605 1332 vel
619 1261 736 1353 quictis
748 1284 911 1354 nunquam
937 1264 1120 1341 inducent.
1144 1274 1199 1341 Nar

227 1362 254 1437 fi
274 1364 314 1435 ab
327 1363 466 1432 Adrione
479 1361 518 1426 A
528 1359 560 1429 in
583 1366 608 1429 B
629 1356 724 1429 status
747 1360 845 1429 centri
864 1364 1047 1457 gravitatis
1065 1362 1200 1465 nihilpte

224 1461 384 1537 turbetur,
410 1464 442 1527 &
456 1455 494 1526 ab
506 1456 628 1526 aetione
643 1456 710 1525 Cin
729 1462 753 1525 B
768 1452 847 1526 nihil
861 1460 1106 1567 perteubetun
1131 1482 1202 1563 nequ

223 1557 293 1629 sine
310 1580 327 1625 a
340 1552 518 1645 conjunetis
537 1557 576 1620 A
587 1556 620 1622 &
634 1558 660 1622 C
672 1552 847 1623 ustionibus
862 1577 895 1624 ro
905 1562 931 1625 B
941 1554 1049 1631 status
1063 1560 1120 1635 ille
1132 1556 1203 1635 certi

226 1653 393 1755 gravitatis
405 1650 652 1747 perturbabitur.
663 1654 771 1739 Qare
786 1674 861 1723 cum
877 1673 1032 1727 centrum
1048 1656 1203 1731 illudunt
1225 1681 1226 1690 ’

228 1774 325 1831 mune
340 1750 503 1847 gravitatis
524 1748 581 1819 ubi
606 1772 736 1844 corpora
759 1772 821 1819 non
847 1770 948 1845 agunt
962 1752 996 1823 in
1020 1752 1055 1825 se
1080 1758 1204 1831 invitm

229 1852 283 1925 vti
295 1848 442 1943 quiescit,
461 1848 513 1918 vel
527 1847 558 1916 in
571 1847 655 1916 reeta
670 1846 773 1939 aliqua
785 1844 995 1943 progreditur
1007 1850 1206 1937 unisotrnittn

230 1968 342 2049 perget
357 1945 457 2025 idem,
481 1968 542 2012 non
563 1940 758 2013 obstantibus
780 1966 954 2039 corporum
973 1948 1207 2029 aetionibusir

231 2025 340 2122 tense,
365 2044 417 2112 vel
434 2042 552 2134 semper
570 2038 744 2131 quiescere,
769 2040 820 2110 vel
840 2038 960 2135 semper
977 2046 1145 2145 progredi
1160 2046 1207 2119 tini

226 2140 379 2211 formiter
395 2139 427 2208 in
441 2133 626 2217 direetum3
653 2134 712 2208 nisi
733 2162 750 2206 a
768 2135 888 2208 viribus
907 2139 938 2207 in
951 2138 1103 2235 systema
1115 2146 1208 2219 exuite

228 2236 319 2309 secus
346 2229 498 2331 impressu
521 2230 712 2305 deturbetur
739 2231 780 2303 de
804 2233 868 2304 hoe
890 2231 985 2307 statu.
1041 2238 1111 2321 Est
1136 2244 1214 2343 igitq

230 2330 405 2432 systematis
439 2355 609 2427 corporum
642 2332 784 2425 plurium
807 2332 859 2401 lex
887 2328 1000 2405 eadem
1040 2362 1127 2433 quae
1162 2364 1210 2411 cor·

229 2433 317 2529 poris
331 2428 460 2503 solitarii
477 2425 587 2522 quoad
612 2427 869 2524 perseverantiam
889 2430 922 2499 in
939 2426 1027 2505 statu
1054 2434 1210 2509 motinus

231 2530 363 2621 quietis.
414 2528 530 2598 Motus
545 2527 629 2596 enim
642 2522 853 2623 progressrvus
865 2524 917 2597 seu
929 2535 1084 2627 corporis
1091 2520 1210 2609 soliteri.

230 2626 286 2705 seu
306 2624 479 2724 systematis
496 2646 668 2720 corporum
684 2649 725 2695 ex
742 2614 835 2695 motu
848 2624 948 2694 centri
960 2628 1142 2723 gravitatis
1155 2626 1211 2705 usti

232 2726 313 2805 mari
329 2723 448 2822 semper
464 2719 570 2793 debet.

311 2874 415 2949 ottob.
433 2902 486 2973 30.
518 2900 618 2971 1704.

682 3272 786 3342 VIII.

240 3435 335 3518 (26.)
443 3433 683 3499 Onnonunt
711 3422 787 3497 dato
815 3423 915 3523 spatio
945 3422 1172 3512 inclusorum,
1197 3434 1222 3517 (ι

458 3518 589 3621 proinde
600 3542 728 3593 motum
743 3518 840 3618 ipsun
856 3520 1117 3619 participantium
1137 3524 1223 3605 iidem

238 3624 311 3695 sunt
331 3644 437 3695 motus
463 3624 543 3695 inter
572 3620 601 3691 se
630 3614 695 3689 sive
722 3618 859 3715 spatium
869 3615 961 3717 ,ilud
983 3620 1145 3713 quiescat,
1171 3620 1224 3697 five

235 3742 409 3793 moveatur
426 3718 512 3797 idem
538 3716 740 3807 uniformiter
760 3718 793 3791 in
804 3712 977 3795 dimdium,
1000 3715 1120 3813 absque
1141 3742 1223 3801 motu

240 3816 401 3893 circulari.
646 3816 649 3821 ’

1148 3922 1225 3991 Nan
