2484 4366
202 252 243 325 ,ο
454 219 887 291 ιιιαειεστιοιιιιι

218 420 220 425 .
244 360 261 437 (
268 362 340 442 16.)
366 350 506 440 Quoties
523 345 594 418 duo
609 372 743 445 corpora
761 348 903 446 perfecte
919 347 1045 422 elastica
1064 351 1141 422 inter
1152 345 1182 420 se

194 450 404 527 colliduntur,
429 443 546 517 eadem
565 442 612 515 est
638 466 758 517 mutuo
786 446 931 543 respes’ru
950 444 1184 518 discedentibus

196 551 428 638 celeritasque
447 543 513 615 suit
535 544 878 640 appropinquantibusr
907 546 981 615 Sive
1001 545 1109 616 verbis
1121 544 1186 614 aliis

194 645 281 719 sensu
298 640 425 721 eodems
451 637 562 710 eadem
575 638 621 710 est
634 643 798 734 utriusque
810 645 959 722 velocitas,
971 640 1184 737 nonabsosuta,

195 741 249 815 sed
265 739 379 813 eodem
394 740 528 808 velocitas
540 733 724 809 discedendi
736 738 894 834 respessr'va
904 763 979 831 quae
994 738 1064 809 fuit
1076 758 1185 849 appro-

195 836 381 938 pinquandi.
431 835 588 904 Continet
597 832 732 927 quidem
741 832 810 905 haec
819 837 872 906 lex
883 836 1185 932 precipuumetram

194 940 389 1030 reliquarum
403 952 556 1003 motuum
572 930 681 1031 legum
701 930 968 1015 fundamentum
996 938 1034 1003 δι
1046 930 1107 1003 hac
1122 952 1183 1003 me·

197 1032 303 1105 thodo
326 1026 605 1102 demonstrabitur.
655 1032 710 1099 De
736 1029 910 1122 equalibus
938 1028 1182 1129 corporibusli-

198 1152 279 1226 quet
303 1125 504 1226 propofitum
530 1149 570 1195 ex
599 1127 669 1223 lege
694 1129 878 1221 penultima,
904 1126 1034 1217 jamjam
1055 1125 1193 1218 demon·v

199 1228 314 1301 strata:
341 1245 466 1297 manent
487 1224 572 1294 enim
590 1248 630 1293 eo
650 1222 768 1295 incasu
784 1222 857 1316 ipsae
872 1223 1047 1297 celeritates
1057 1229 1181 1296 vere&

199 1325 362 1403 absolute,
387 1321 570 1419 permutatis
599 1340 724 1391 tantum
754 1320 899 1402 sedibus3
931 1342 1028 1414 atque
1054 1320 1136 1393 adeo
1151 1342 1181 1393 ut

200 1424 340 1495 celeritas
352 1414 536 1490 discedendi
548 1413 720 1512 respectiva
733 1417 844 1490 eadem
858 1415 898 1489 srt
909 1442 984 1511 quae
996 1418 1065 1492 fuit
1078 1442 1182 1517 appm·

200 1514 376 1616 pinquandi
395 1512 443 1586 est
463 1509 634 1584 necessum.
685 1517 739 1585 De
760 1514 968 1609 inaequalibus
985 1540 1035 1589 res
1051 1513 1099 1588 sic
1114 1540 1184 1587 con-

200 1615 341 1688 ficietur.
391 1613 424 1683 Si
443 1634 558 1707 corpus
580 1609 682 1701 majus
698 1609 877 1707 assequatur
889 1615 1006 1693 minus,
1020 1606 1185 1707 autquies·

201 1738 284 1794 cens,
309 1730 365 1783 aut
380 1708 486 1781 saltem
498 1706 618 1780 tardius
630 1731 768 1789 motum,
794 1710 1047 1783 communicabit
1056 1708 1185 1805 quidem

188 1810 243 1884 'de
259 1830 355 1882 motu
373 1804 430 1879 suo
451 1809 578 1903 corpori
599 1806 786 1900 quiescenti,
810 1811 863 1880 vel
887 1807 1034 1891 tardiori3
1060 1804 1187 1906 sepositi

199 1910 297 1981 etiam
318 1907 438 1978 elaterii
461 1901 736 1987 consideratione3
767 1929 825 1976 nec
844 1928 949 1977 tamen
965 1904 1133 1999 quiescet.-
1155 1904 1187 1975 δι
1230 1952 1232 1969 2

203 2006 285 2077 dum
309 2006 391 2074 inter
418 2000 724 2073 communicandum
752 2026 814 2074 una
841 2028 918 2075 cum
938 2003 1122 2096 quiescente
1140 2002 1187 2074 v'el
1229 1998 1232 2043 ³

203 2099 336 2174 tardiori
362 2116 474 2192 perget
490 2121 553 2167 non
571 2094 700 2170 cessabit
717 2105 751 2169 &
770 2099 908 2196 impulsu
924 2098 1062 2180 directo,
1089 2108 1125 2172 δι
1142 2116 1187 2171 re·

202 2199 326 2270 actione
346 2193 471 2266 elastica
485 2194 647 2286 quiescens
667 2198 719 2267 vel
739 2195 860 2269 tardius
881 2196 964 2269 illud
975 2221 1093 2294 corpus
1105 2220 1188 2269 acce·

202 2296 310 2371 letare,
336 2290 440 2364 donec
461 2289 572 2363 eadem
595 2295 765 2365 velocitate
790 2320 807 2365 a
832 2295 861 2365 se
883 2292 1010 2367 recedat
1028 2320 1096 2389 qua
1146 2295 1191 2365 'us

202 2394 311 2464 motui
326 2390 382 2462 suo
401 2385 579 2468 obstiterat,
604 2392 818 2463 &elaterium
838 2390 932 2464 suum
949 2318 1187 2488 compressurum

201 2486 340 2569 hocest,
361 2513 426 2580 qua
446 2484 549 2581 ipsum
561 2483 602 2557 ad
618 2488 753 2560 alterum
769 2493 1045 2586 appropinquaret.
1098 2493 1189 2561 Hanc

202 2590 271 2658 sane
290 2587 483 2657 celeritatem
502 2607 617 2678 corpus
637 2584 737 2677 majus
755 2587 872 2659 minori
889 2583 1059 2659 necessario
1083 2587 1191 2685 impri-

203 2703 294 2769 met3
322 2679 375 2754 sed
386 2679 541 2770 majorem
554 2682 735 2779 imprimere
753 2686 879 2777 nequit,
907 2686 1124 2780 (licetcorpus
1132 2686 1193 2755 mi·

203 2804 262 2854 nus
278 2806 334 2879 per
353 2778 381 2850 se
403 2776 442 2850 srt
460 2776 590 2868 majoris
610 2804 725 2876 capax:
751 2805 849 2874 quam
868 2783 1011 2877 primum
1025 2783 1111 2853 enim
1121 2806 1193 2852 cor·

204 2901 263 2975 pus
281 2877 444 2959 quiescens
460 2877 514 2947 vel
525 2874 644 2948 tardius
652 2898 780 2949 motum
793 2881 971 2951 velocitatis
982 2877 1121 2975 gradum
1131 2882 1192 2951 im·

190 2972 312 3071 -pussui
327 2972 392 3044 five
404 2973 569 3043 velocitati
583 2973 765 3070 respectiva
786 2978 885 3070 priori
901 3000 1009 3072 parem
1024 2975 1127 3049 fue'rit
1145 2979 1192 3048 su·

204 3093 341 3146 eratum,
366 3067 505 3161 effugiet
524 3070 629 3151 illico3
656 3096 759 3164 neque
778 3072 952 3170 impulstun
976 3076 1129 3166 quemvis
1142 3075 1192 3145 ul-

163 3232 166 3237 .
205 3172 356 3243 teriorem
376 3164 541 3237 sustinebit
567 3187 622 3238 aut
646 3169 834 3242 morabitur.
888 3173 922 3242 Si
947 3191 1056 3242 autem
1083 3195 1192 3270 corpus

190 3270 311 3341 minus
330 3262 505 3356 assequatur
522 3264 635 3356 majus,
660 3289 715 3337 aut
726 3267 898 3360 quiescens,
923 3266 1191 3341 auttardiusmo-

205 3386 289 3444 tum,
315 3362 387 3433 fieri
403 3364 516 3454 nequit
529 3382 566 3431 ut
588 3386 705 3458 corpus
717 3367 821 3434 minus
837 3367 1000 3463 integrum
1016 3366 1193 3439 velocitatit

102 3480 104 3484 “
192 3464 270 3535 -suae
289 3456 451 3533 excessum
472 3459 648 3551 quiescenti
664 3461 717 3532 vel
732 3460 864 3533 tardiori
885 3463 1069 3558 imprimat:
1099 3460 1192 3549 (illud

207 3564 293 3633 enim
304 3582 346 3629 eo
355 3576 481 3645 tantum
494 3554 564 3626 casu
577 3555 617 3627 fit
630 3557 687 3630 ubi
702 3583 835 3655 corpora
849 3558 919 3631 sunt
938 3562 1086 3652 aequalia,
1104 3583 1142 3634 ut
1162 3563 1193 3633 in

206 3654 277 3754 le'ge
297 3681 351 3753 ις·
365 3657 400 3727 &
419 3669 474 3749 14²
487 3652 552 3744 jam
572 3651 746 3745 vidimus.)
796 3659 881 3727 Perit
892 3678 998 3729 autem
1009 3659 1095 3729 inter
1107 3684 1192 3730 com·

209 3750 437 3846 munieandum
450 3749 558 3843 monis
576 3752 747 3826 velocioris
766 3751 920 3834 excessus,
943 3755 1042 3827 etiam
1056 3754 1192 3851 sepositas

210 3851 329 3920 elaterii
350 3847 616 3922 confideretione:
643 3854 689 3922 Et
710 3848 791 3925 dsum
810 3875 851 3922 eo
869 3853 963 3948 patto
982 3844 1046 3925 uni
1062 3876 1193 4020 progre-

187 4000 199 4011 -
324 3966 383 4041 tr)
628 3987 631 3991 ·
1089 3953 1193 4023 iuntur
