2452 4366
297 108 986 247 rursum-mmmmm
1056 190 1132 279 ‘aa

131 294 892 413 annuaeajnscmqneeorporunsystamais,
916 298 1125 415 fluidoleoma

136 393 510 606 rennuere
524 392 1124 601 rrrrnrrnrerrra

204 678 209 689 ι
253 610 424 665 retinerent
441 610 632 693 gravrtatem
655 588 740 663 suam
763 596 1033 689 comparativam:
1059 596 1120 677 nili

125 710 293 782 quatenus
315 680 458 761 nudam
481 687 535 759 vel
557 686 697 760 motibus
719 712 826 761 earum
850 687 982 772 resistat,
1007 697 1060 767 vel
1078 692 1120 773 ad

123 785 257 859 eaffiern
271 782 499 885 cortrprellione
509 784 765 884 conglutinandas
779 790 970 881 requiratur.

181 888 320 963 LVIII.
345 880 459 955 Fluida
470 906 532 954 non
544 880 761 957 descendentia
780 885 985 968 emicem,
998 894 1033 959 &
1051 910 1118 963 tam

129 980 279 1075 unruaffa
296 972 442 1095 corpoia,
466 1005 564 1074 quam
585 983 787 1061 continentia,
817 980 889 1055 data
908 982 972 1055 bafi
991 1008 1052 1083 pro
1066 1013 1117 1059 ra·

130 1080 220 1151 tione
233 1070 409 1177 altitudinis
428 1076 703 1175 perpendicularis,
724 1082 785 1149 non
797 1100 903 1151 autem
941 1108 978 1153 ro
997 1087 1117 1157 ratione

128 1172 318 1269 quantitatis
330 1177 471 1248 materia
483 1197 639 1273 premunt.
688 1180 767 1247 Hoc
778 1172 836 1255 est,
849 1105 963 1270 predio
977 1180 1117 1277 cylindri

127 1288 223 1367 aqua
241 1300 278 1347 v.
314 1327 323 1345 .
343 1271 518 1346 altitudinis
529 1271 782 1369 quadrupedalis,
803 1273 861 1345 ubi
879 1275 991 1347 circuli
1009 1281 1115 1375 cylin-

124 1366 230 1443 orrea
249 1298 409 1461 colunne
424 1366 493 1442 area
511 1368 558 1463 est
576 1372 669 1443 utrius
685 1390 810 1442 tantum
823 1371 945 1466 pollicis
958 1372 1117 1464 quadrati,

123 1470 258 1561 aequalia
273 1468 323 1561 all
342 1465 490 1565 predioni
510 1466 649 1564 cyhndrr
668 1468 807 1556 curulvrs
827 1492 918 1560 aquae
941 1470 1116 1546 altitudinis

119 1554 374 1675 quadnrpedalis
389 1565 447 1637 ubi
466 1566 580 1639 circuli
601 1562 787 1664 cylindrica
804 1568 961 1639 columna
985 1594 1051 1641 area
1067 1568 1114 1641 est

125 1682 258 1757 centum
270 1652 324 1736 val
338 1664 425 1737 mille
436 1662 591 1764 pollicum
603 1660 843 1755 quadratorum,
861 1670 895 1735 dc
909 1663 953 1737 lic
969 1667 1108 1759 ubiquez

123 1760 280 1853 niln'num
294 1758 320 1831 st
336 1752 415 1831 bulis
432 1776 531 1852 aquea
548 1783 626 1831 cum
638 1763 759 1849 aquain
772 1758 854 1831 tubo
863 1783 1009 1835 contenta
1020 1790 1110 1837 com-

86 1872 90 1879 “
125 1858 304 1947 municans,
329 1854 369 1929 srt
389 1876 529 1947 utroque
553 1857 586 1930 in
605 1855 676 1927 casu
693 1859 831 1949 aequalis.

174 1946 488 2043 Hacellnotilsrma
505 1949 734 2051 hydrostaticae
755 1953 891 2027 scientiae
911 1958 1030 2051 regula,
1050 1982 1112 2054 per

126 2053 341 2147 exprimam
359 2049 469 2146 saepius
478 2070 614 2145 reperta3
640 2047 777 2121 vixdum
789 2072 907 2130 autem,
924 2055 974 2123 uti
985 2054 1110 2148 opinor,

121 2142 260 2247 ph‘y‘lice
272 2168 327 2220 aut
338 2144 561 2245 mathematice
583 2144 808 2229 demonstran,
828 2173 923 2241 quam
936 2147 998 2219 hoc
1010 2149 1111 2223 modo

117 2240 338 2333 demonstrare
359 2245 508 2317 conabor.
559 2249 688 2317 Notum
707 2242 754 2315 est
775 2269 816 2315 ex
834 2247 942 2341 primis
960 2268 1111 2323 motuum

119 2338 336 2439 phylicorum
353 2342 516 2439 elementis
537 2345 746 2433 quantitatem
768 2343 887 2415 virium
912 2346 1109 2423 metricium

119 2434 190 2511 live
207 2436 387 2513 effectuum
404 2436 516 2512 iildem
534 2461 568 2508 re
625 2437 790 2513 ridentium
806 2464 847 2508 ex
861 2444 999 2529 materia
1011 2465 1109 2523 motae

109 2538 297 2635 'qupntitate
309 2539 342 2627 in
354 2532 558 2610 velocitatem
594 2538 668 2606 udin
678 2535 800 2631 prorsus
813 2538 909 2611 oriri=
930 2540 1106 2634 &proinde

114 2630 252 2705 'ernd'em
271 2633 342 2706 fore
360 2628 546 2731 press'ronem
563 2656 604 2703 ex
622 2632 766 2725 qualibet
787 2636 924 2705 materiae
939 2640 1108 2729 prementis

113 2732 295 2825 quantitate
308 2730 409 2823 modo
419 2728 561 2823 ejusdem
578 2731 730 2801 velocitas
746 2727 785 2822 lit
796 2731 916 2824 stmper
929 2738 960 2799 de
985 2724 1106 2825 ubique

112 2830 258 2911 materia
268 2826 616 2925 quantitatireciproce
632 2829 882 2924 proportionalis.
918 2832 1048 2903 Notum
1056 2827 1103 2911 est

112 2926 215 3023 etiarn
234 2910 366 3007 lutera,
391 2928 505 3005 vedis,
530 2925 633 3004 librae,
659 2930 694 2995 dc
712 2921 899 3014 huiusmodi
917 2918 1106 3007 instrumen-

110 3042 226 3095 torum
240 3020 501 3095 mechanicorum
525 3020 607 3093 ¹viret
626 3047 667 3095 tx
692 3020 877 3112 hujusmodi
902 3027 1039 3097 materia
1070 3033 1104 3095 &

111 3120 295 3193 velocitatis
309 3122 544 3192 combinatione
564 3122 723 3217 reciproca
749 3120 907 3201 derivari,·
933 3128 966 3193 &
990 3121 1102 3193 datum

116 3216 279 3315 pandura
297 3221 333 3291 vi
354 3218 407 3290 seu
423 3214 575 3315 prellione
592 3215 663 3288 data
680 3220 959 3312 quantulaeunque
979 3222 1102 3290 moveri

113 3314 212 3413 polle,
238 3314 264 3386 sr
284 3313 385 3386 modo
397 3313 540 3409 machina
554 3340 593 3386 eo
607 3313 706 3387 modo
719 3316 852 3413 ponderi
866 3313 960 3385 fimul
972 3320 1006 3385 &
1019 3316 1101 3409 pres-

111 3410 195 3487 lloni
215 3411 438 3494 admoveatur,
469 3408 515 3485 ut'
531 3410 685 3483 distantia
716 3415 756 3485 ab
787 3408 1038 3508 hypomochlio,
1065 3414 1099 3481 tr

107 3509 244 3611 proinde
264 3513 449 3585 velocitates
472 3507 618 3608 ponderis
631 3508 845 3605 &prellronis
864 3507 926 3585 sint
939 3533 980 3579 err
995 3514 1101 3579 necet,-

111 3606 205 3690 fitate
235 3631 387 3705 motuum
410 3607 471 3680 libi
494 3609 633 3681 invicem
658 3609 818 3702 reciproce
841 3606 1100 3701 proportionalem

112 3708 167 3779 Sic
178 3706 247 3779 sane
265 3709 399 3780 unicum
410 3702 520 3804 pondo
539 3703 578 3777 ad
589 3702 767 3775 distantiam
775 3724 915 3795 quatuor
927 3701 1045 3800 pedum
1062 3705 1100 3773 ab

113 3798 545 3921 hypormchliotqntundem
558 3804 641 3882 valer
655 3821 843 3893 aequarunt
864 3799 986 3975 panda
993 3800 1100 3887 addi,

145 3962 148 3967 .
639 3901 673 3976 R
698 3924 722 3999 4
986 3897 1102 3973 auriam
