2484 4366
119 208 187 266 τοο
248 272 250 281 y
275 246 279 253 .
404 184 836 256 PMLECTIONES

123 308 338 409 equalitatem
350 310 482 480 sffm
510 311 676 388 stVirCl.
684 307 874 384 densitatem
887 307 1105 413 haimisphaerii

123 407 261 495 australis
283 434 348 507 prat
411 413 487 482 reali
510 431 629 482 tantam
653 431 770 502 quanta
792 408 968 483 movendae
988 434 1046 510 per
1067 431 1110 484 tot

122 500 252 589 minuti¹
264 503 401 578 secunda
412 509 533 580 telluris
552 505 703 605 positioni
721 501 936 587 sufficiat,'ex
956 507 1010 580 liis
1018 504 1109 582 causti

122 596 272 677 arcessere
285 604 376 684 velit,
401 600 489 680 idem
506 607 638 677 omnino
654 605 721 701 agit
733 628 768 674 ac
787 599 811 673 si
825 605 1014 678 Caucasum
1024 607 1111 678 vesle

67 697 72 704 ’
124 701 143 772 ὲ
160 703 236 773 loco
248 701 306 771 suo
321 692 488 772 dimovere
509 722 654 773 conetur.
702 701 863 771 Demiror·
877 701 952 775 sane
967 699 1107 777 Virido-

121 795 251 870 &iffimi
270 798 302 868 in
320 795 380 867 hac
396 820 430 867 re
448 801 664 883 drapum,
682 793 774 891 quod
787 798 960 873 causarum
984 800 1107 872 tantilla·

121 920 197 968 rum
216 896 300 967 vires
319 894 578 987 &quantitatem
597 915 659 964 non
698 895 764 964 rius
782 895 893 988 aliquo
910 896 1018 969 modo
1032 894 1108 970 atlh-

120 1017 208 1064 mare
233 992 384 1069 voluerit,
410 1014 507 1083 quam
523 991 613 1061 tantis
634 1015 652 1060 e
680 990 924 1087 edibuspates
951 992 1107 1067 statueret.

123 1086 239 1159 Laudo
257 1108 362 1159 tamen
379 1088 456 1159 Viri
473 1087 527 1157 Cl.
544 1081 743 1183 prudentiam
761 1086 852 1181 quod
869 1087 1054 1172 addiderit,
1066 1093 1111 1162 val

117 1207 231 1282 oropter
248 1188 341 1254 aliam
359 1183 480 1349 sanfam
495 1183 648 1280 quandam
665 1181 743 1254 nobis
763 1195 892 1282 ignotam
906 1217 919 1254 .·
954 1189 1061 1261 Ptobe
1079 1212 1109 1261 e·

120 1283 187 1353 nim
206 1280 322 1354 sciebat
339 1305 396 1352 cau
411 1306 436 1349 ae
457 1281 575 1376 ignote
594 1281 718 1352 nullum
734 1282 805 1352 initi
823 1279 912 1378 posse
930 1285 1107 1361 calculum:

29 1401 34 1420 ·
119 1401 217 1472 atque
234 1376 313 1449 adeo
332 1375 362 1446 se
383 1375 443 1447 fibi
464 1378 497 1446 in
516 1375 580 1447 hoc
598 1379 731 1473 negotio
750 1375 936 1452 locohaud
963 1383 1045 1454 male
1059 1383 1106 1454 'ct-

122 1472 212 1546 ville.
246 1480 380 1553 Interea,
399 1470 505 1543 dicam
518 1493 634 1570 aperte,
646 1471 776 1546 diversae
791 1473 901 1564 hujus,
916 1493 1020 1570 quam
1031 1479 1105 1553 som·

115 1573 198 1650 iniat,
213 1567 516 1665 hemisphaeriorum
531 1568 725 1642 terrestrium
737 1569 898 1643 denfitatis
908 1575 1105 1649 causamnul-

116 1670 184 1739 ‚lam
198 1663 343 1764 assignari
356 1663 454 1763 posse,
471 1691 545 1761 quat
554 1692 615 1737 non
625 1665 817 1743 mechanica
829 1670 1033 1765 planetarum
1045 1672 1104 1745 sot·

99 1819 104 1825 .
121 1765 266 1844 mationi,
292 1770 326 1834 &
344 1761 558 1861 phaenomenis
573 1784 691 1836 naturae
706 1762 869 1838 hodiernis
884 1763 985 1842 simul
1002 1768 1102 1843 adver·

121 1861 218 1933 setur.
267 1858 459 1958 Respondeo

165 1965 235 2047 (2.)
245 1960 278 2029 Si
287 1954 912 2056 alterumtellurishemisphaeriumaltero
920 1956 1100 2062 haudpaulo

122 2057 215 2127 altius
233 2077 288 2125 aut
301 2051 426 2126 densius
444 2052 532 2134 esset,
556 2080 619 2125 non
631 2055 745 2128 exinde
759 2077 862 2128 tamen
880 2059 1104 2134 titubationem

121 2151 209 2222 hanc¹
226 2175 325 2242 quam
347 2172 543 2223 commentus
562 2149 609 2222 est
633 2155 688 2224 cl.
710 2155 890 2249 Gregorius
914 2152 1098 2230 secuturam.

122 2251 200 2318 Hoc
220 2247 306 2317 enim
322 2248 353 2317 in
373 2247 444 2318 casu
456 2247 655 2339 oscillateturx
661 2248 796 2342 quidem
810 2252 893 2323 Axis
908 2254 1036 2338 Globi;
1057 2250 1099 2325 sed
1141 2296 1143 2331 r

122 2347 177 2424 ita,
192 2363 229 2414 ut
240 2344 372 2440 angulus
386 2345 593 2417 inclinationis
610 2347 702 2418 bisin
718 2372 798 2419 anno
810 2344 850 2419 ad
861 2352 1052 2432 maximam,
1073 2355 1100 2420 ἃ

120 2442 283 2517 minimam
295 2442 504 2533 quantitatem
521 2464 733 2515 reverteretur
746 2472 758 2527 ς
786 2466 880 2536 atque
894 2446 939 2516 ita
954 2469 1099 2559 utangu·
1141 2488 1143 2499 ·

120 2540 168 2610 lus
184 2536 241 2610 ille
264 2536 405 2622 eiusdem
425 2535 501 2610 esset
521 2542 707 2632 quantitatis
731 2542 763 2612 in
787 2562 927 2634 utroque
946 2541 1082 2616 solstitio
1089 2569 1098 2626 3

119 2633 210 2732 quod
231 2632 328 2732 ipfius
348 2632 564 2802 hypotheseos
581 2640 786 2735 Gregorianae
800 2635 1010 2713 fundamenta
1022 2642 1101 2740 plane

120 2734 287 2808 subvertit.
337 2736 390 2804 Re
404 2731 529 2830 pondeo

171 2843 241 2927 (ς.)
269 2837 323 2903 Ex
345 2831 491 2923 inaequali
514 2829 573 2903 hac
588 2828 889 2926 hemisphaeriorum
909 2833 1101 2908 terrestrium

111 2926 300 3006 altitudine,
327 2948 382 2998 aut
405 2925 570 3008 denfitate,
596 2926 620 2997 fi
643 2925 743 3000 modo
768 2931 935 3020 aquatoris
959 2930 1102 3006 altitudi-

119 3048 192 3097 nem
216 3043 270 3094 aut
285 3020 471 3095 denfitatem
491 3027 611 3104 vincat,
636 3025 725 3119 sequi
750 3027 1023 3119 aquinoetiorum
1038 3054 1103 3128 pn·

113 3119 261 3219 graffum:
292 3143 368 3193 cum
386 3122 487 3215 palam
508 3120 560 3202 sit,
586 3128 619 3192 δι
645 3124 845 3218 {Gregorio
871 3127 1038 3220 agnitum,
1070 3140 1102 3197 t't

113 3217 250 3302 ‘omnino
266 3236 361 3292 motu
378 3219 531 3289 continuo
547 3219 669 3317 regredi.
720 3221 772 3289 Sin
786 3221 1036 3312 inaequalitatem
1044 3218 1104 3294 hu·

120 3311 259 3406 jusmodi
280 3313 482 3385 solummodo
494 3313 608 3387 statuat
626 3339 700 3408 quae
711 3316 863 3404 majorem
876 3315 985 3403 adhuc
1001 3345 1103 3414 aequa·

110 3415 199 3486 ‚toris
218 3410 417 3484 altitudinem
432 3433 487 3484 aut
510 3410 696 3484 densitatem
714 3411 824 3494 sartam
844 3415 962 3488 tettan,
983 3418 1105 3490 conser-

39 3533 42 3539 ’
119 3513 190 3584 vari
206 3531 313 3606 ponat,
338 3510 434 3580 itaut
456 3532 611 3603 quantum
621 3509 769 3606 superent
787 3532 885 3606 partes
899 3513 1008 3584 altera>
1019 3516 1105 3612 pola·

119 3633 167 3678 res
182 3628 237 3679 aut
253 3605 420 3680 altitudine
435 3628 491 3679 aut
500 3605 664 3685 denfitate,
689 3627 813 3678 tantum
824 3605 978 3681 deficiant
990 3614 1106 3692 alterae,

119 3701 197 3774 dico
210 3704 301 3794 quod
313 3728 416 3798 neque
426 3728 468 3776 eit
481 3701 541 3775 hac
552 3700 726 3802 hypothesi
739 3702 838 3799 causae
858 3703 921 3776 suae
938 3706 1106 3796 adjumen-

120 3801 193 3877 tum
204 3800 454 3899 aliquod-petere
467 3797 575 3902 possit.
623 3803 902 3905 Etenimpropter
924 3803 1051 3913 uirium
1076 3809 1106 3879 io
