2484 4366
222 192 294 296 284
487 201 955 272 rntaenncrroruns

217 353 315 402 nemo
329 323 469 398 dubitat.
519 330 617 400 Certe
640 328 766 400 Planeta
789 327 913 421 quivis
938 322 1188 409 Circrarnlatunis
1231 337 1237 375 ¹

215 428 324 528 gravis
334 421 381 495 est
394 426 426 495 in
440 429 621 504 Saturnum,
633 430 667 496 &
682 424 964 516 crrumjovialis
976 424 1012 497 in
1021 429 1189 527 Jovemelt
1233 436 1236 482 ἓ

217 551 296 599 eum
316 523 463 594 attractio
480 526 595 602 omnis,
620 545 676 633 per
696 526 816 597 Motus
826 526 970 635 Legem
986 545 1020 615 ς.
1045 518 1188 601 mutuala
1233 521 1236 578 l

218 628 370 696 Saturnus
385 617 524 692 viciffim
539 621 712 721 gravitabit
730 622 762 695 in
783 620 955 693 Satellries
967 618 1063 703 suos3
1084 620 1188 721 &Jupi
1235 631 1236 637 ’

217 742 269 794 ter
282 722 314 792 in
327 718 414 800 suos;
429 721 597 814 Terraque
609 717 641 789 in
654 722 779 790 Lunam
786 744 799 801 3
827 723 869 789 &
886 719 948 791 Sol
959 717 1000 789 in
1015 720 1186 790 Planetasorn
1230 728 1236 816 l

215 842 282 897 nes,
306 839 378 893 tum
394 817 574 895 mimarios,
598 835 670 888 tum
687 812 904 889 secundarios
923 815 1107 916 gravitabit

265 917 369 995 coroll.
383 917 453 1002 (a.)
467 914 619 987 Gravitas
626 937 702 1006 quae
708 914 875 985 Planetam
883 934 1182 1010 unumquemquere·

51 1044 74 1057 ··
208 1010 321 1115 spicit,
335 1008 381 1082 est
394 1010 558 1110 reciproce
568 1031 608 1082 ut
623 1009 815 1105 quadratum
832 1008 1015 1094 distantiae
1028 1006 1181 1086 loenul
1222 1022 1236 1107 {¹

250 1104 313 1180 llus
328 1129 450 1185 centro.

214 1134 425 1280 lpLXXXI.
450 1208 595 1303 Corpora
607 1207 714 1278 omnia
732 1206 764 1277 in
780 1206 930 1279 Planetas
952 1203 1100 1303 singulos
1112 1200 1177 1304 gravi
1220 1195 1235 1265 ¹¹⁸

213 1328 302 1383 tant:
329 1312 363 1376 δι
376 1301 518 1380 Pondere
529 1327 643 1375 eorum
664 1305 697 1375 in
718 1301 861 1375 eundem
873 1306 1042 1399 quemvis
1057 1305 1177 1376 Planttm
1218 1314 1235 1362 l

212 1404 342 1505 paribus
355 1398 507 1473 distantiis
526 1401 544 1471 l
562 1420 674 1472 centro
697 1399 845 1481 Planeta,
873 1395 1177 1500 Propoetional'alu
1219 1409 1235 1485 Ρ

214 1499 384 1597 quantitati
398 1498 537 1571 materia
555 1498 587 1567 in
605 1493 745 1594 fingnlis.
1219 1508 1235 1654 p

262 1595 436 1671 Descensus
449 1594 597 1694 gravium
616 1597 762 1667 omnium
783 1595 815 1665 in
835 1597 999 1677 Terram,
1025 1588 1177 1692 demptail

214 1693 437 1787 teminaequali
450 1690 660 1765 retardatione
672 1717 746 1787 quae
754 1717 796 1762 ex
808 1694 889 1764 aeris
902 1690 1088 1767 resrstentia
1097 1690 1176 1767 oritur

214 1785 1176 1890 aequalibustemporibusfierijamdudumfuitoblervatunn&
1218 1800 1235 1882 1

212 1893 367 2062 llll
378 1885 1101 2081 {lllllelqlb‘lllllffil‘ll

276 2036 287 2069 ἱ
476 2035 488 2067 2
792 2029 804 2064 5
996 2037 1008 2068 θ

213 2084 287 2167 fint,
313 2082 378 2155 five
391 2078 503 2153 fluida.
552 2078 654 2169 Quod
674 2078 809 2173 quidem
830 2079 872 2151 ad
891 2079 1052 2154 amuffim
1065 2076 1176 2177 congrui

210 2206 283 2259 turn
290 2180 513 2278 experimentis
527 2200 699 2275 corporum
709 2175 832 2248 direele
840 2175 1176 2257 descendentiunr‚cnn
1205 2200 1234 2255 eo

210 2281 371 2379 praecipue
428 2274 603 2347 ndulorum
620 2277 653 2346 in
674 2274 810 2347 arcubus
829 2271 896 2346 sive
917 2274 1118 2348 circularibus
1126 2266 1175 2345 ln
1199 2298 1234 2352 n]

211 2301 445 2489 cycloidalibirs
458 2372 590 2466 oblique
606 2368 878 2457 descendentium,
933 2375 1026 2445 Haec
1045 2372 1170 2444 eninon
1206 2377 1209 2387 '

209 2500 261 2549 ma
280 2471 319 2546 ad
337 2469 468 2545 eandem
493 2470 592 2541 centri
611 2467 813 2540 oscillationis
832 2471 851 2540 a
871 2490 990 2542 centro
1010 2454 1130 2567 suspenli
1156 2464 1161 2476 '

209 2569 391 2646 distantiam
416 2592 472 2665 per
500 2591 589 2638 arcus
610 2566 744 2660 aquales
767 2561 899 2638 demissa
928 2569 1067 2660 aequalia
1085 2560 1161 2662 prom

210 2661 988 2853 Z‘ulfflliplssleiltlii‘llllrdmlstfflllolm
998 2786 1017 2830 e
1035 2660 1159 2831 ”lli
1186 2681 1227 2831 l

813 2810 823 2829 ·
1019 2808 1031 2842 a

209 2866 339 2959 liquitas
366 2881 474 2933 motus
506 2858 723 2930 curvilinearis
757 2854 796 2927 fit
819 2856 852 2927 in
883 2853 950 2926 hoc
981 2857 1058 2929 casu
1084 2854 1127 2928 u'
1186 2878 1233 2927 tc

194 2961 322 3045 ¹similis
336 2965 370 3028 δι
383 2956 523 3050 aqualis,
548 2953 659 3052 eadem
676 2976 809 3050 corpora
824 2948 921 3025 semul
939 2950 1070 3026 dimill'a
1087 2955 1114 3026 in

209 3060 260 3132 tio
272 3079 377 3128 vacuo
391 3053 515 3151 paribus
530 3050 726 3146 temporibus
744 3050 830 3146 paria
842 3051 975 3121 omnino
988 3048 1086 3149 spatia
1099 3051 1124 3121 in
1189 3072 1233 3144 pe:

209 3153 316 3230 scensu
328 3152 381 3223 vel
393 3148 516 3222 ascensu
530 3132 780 3244 perpendiculari
792 3144 1002 3243 impendunt:
1033 3134 1159 3247 &preld
1190 3167 1233 3221 tu

208 3250 349 3352 pondere
361 3249 498 3320 materiae
513 3247 684 3338 quantitati
704 3243 826 3337 ubique
846 3241 886 3315 ad
904 3241 1058 3318 amullim
1074 3260 1160 3343 prop*
1192 3270 1232 3341 qr

207 3350 318 3426 tionali
328 3346 545 3442 impelluntur.
596 3344 672 3417 Ubi
684 3343 769 3414 enim
781 3341 921 3412 materiae
937 3332 1161 3434 quantitaanl
1193 3367 1232 3413 e<

209 3449 263 3523 vel
276 3445 378 3543 tripla,
404 3445 439 3516 vi
454 3443 550 3513 etiam
571 3442 601 3511 in
616 3438 796 3512 universum
811 3437 907 3533 dupla
927 3439 983 3510 vel
1001 3442 1096 3538 tripla
1107 3454 1161 3531 ug*
1195 3464 1232 3512 rt

209 3570 277 3627 tur,
302 3567 360 3614 nec
384 3542 485 3619 aliter,
511 3539 664 3611 velocitas
685 3556 792 3608 motus
818 3537 879 3606 erit
905 3532 1032 3631 semper
1057 3531 1163 3632 equallss
1196 3563 1232 3634 pa

208 3641 273 3715 hoc
287 3638 345 3720 est,
370 3639 428 3711 ubi
441 3636 595 3730 quelibet
608 3635 764 3725 eujulque
777 3631 920 3728 corporis
930 3636 1089 3728 particula
1098 3648 1165 3725 aql*
1198 3638 1232 3710 b·

208 3739 245 3810 lis
265 3739 381 3830 aequali
395 3736 559 3833 gravitatis
573 3734 607 3804 vi
622 3752 769 3829 urgetur,
792 3730 911 3800 summa
923 3732 1078 3804 omniumr
1093 3724 1161 3832 firt'⁸

209 3858 326 3933 ¹niagno
348 3857 494 3933 corpore,
525 3829 591 3905 five
612 3830 644 3903 in
663 3853 764 3939 paruo
782 3827 1020 3953 proportionali
1044 3830 1128 3940 gravi
1217 3829 1232 3899 l
