2452 4366
127 186 197 282 258
388 182 842 255 rraettcrlonas

128 316 205 390 ratis
217 316 314 414 paulo
327 318 430 427 anagia
442 339 541 410 quam
556 317 594 387 iis
606 340 682 409 qua
693 312 1109 417 unisomitetpregredim-

129 434 186 487 tur
200 442 209 484 ε
236 415 271 486 id
282 412 361 486 adeo
371 438 449 507 quia
463 410 610 484 medium
624 438 664 483 eo
675 438 774 506 quem
789 416 808 485 a
826 415 1021 511 tapetibus
1032 442 1109 491 acet·

130 516 181 611 pit
190 533 284 584 motu
297 514 330 584 in
339 511 471 584 eandem
483 512 608 608 plagam
619 507 782 608 pergendo
795 512 830 583 in
846 514 961 609 priore
973 514 1042 587 eain
1051 540 1109 587 ma·

130 613 183 721 gis
195 611 344 707 agitatur,
370 612 403 680 in
417 605 588 719 pastetiore
600 609 717 719 ninus,
739 633 778 719 ac
799 605 938 705 proinde
952 612 1046 723 magis
1060 612 1109 685 vel

129 703 1109 903 aaranffnfflp}

129 904 250 973 ratione
265 902 445 973 velocitatis
464 896 626 998 duplicata
633 926 647 983 ς
673 906 709 971 &
722 924 764 971 ex
779 921 921 996 utraque
938 901 1105 979 caufittn·

129 1020 191 1095 pus
207 996 410 1094 producitur.

177 1099 310 1167 LXIII.
335 1095 500 1169 Velocitas
511 1097 613 1193 prima
630 1092 729 1167 fluidi
746 1092 907 1189 cujusque
927 1094 1107 1171 suhtniffin‘

129 1214 187 1359 per
194 1190 695 1284 forameneffluentiseaestquam
706 1216 841 1289 corpora
852 1194 1105 1286 acquirerent&-

143 1289 307 1364 tendendo
319 1287 715 1362 abaltitudinealtitudinis
726 1286 870 1379 ejusdem
979 1290 1102 1367 formata

223 1388 392 1461 ndicularis
404 1386 559 1459 dimidia:
587 1392 621 1458 δι
635 1382 684 1458 est
701 1385 823 1481 ubique
839 1384 882 1459 ad
934 1389 1031 1465 versat
1042 1391 1103 1465 alti·

127 1410 256 1555 mes
278 1487 310 1556 in
326 1483 546 1582 subduplicata
563 1481 734 1556 earundem
752 1481 968 1559 altitudinum
984 1488 1099 1563 rme.

177 1583 211 1653 Si
230 1605 285 1652 vas
303 1583 472 1679 impleatur
483 1607 576 1676 aqua,
601 1587 634 1650 &
648 1582 680 1651 in
695 1579 800 1653 fundo
811 1580 1009 1677 perforetur,
1024 1606 1059 1659 ut
1071 1610 1099 1657 a·

127 1697 192 1771 qua
211 1702 267 1777 per
287 1678 428 1752 foramen
448 1678 582 1759 defluat,
606 1675 808 1749 manifestim
823 1674 873 1749 est
886 1680 983 1773 quod
995 1707 1046 1757 vas
1058 1680 1100 1755 ia·
1130 1700 1133 1709 '

125 1774 254 1847 stinebit
268 1775 393 1875 pondus
405 1802 495 1871 aquae
506 1779 604 1848 totius
615 1772 748 1871 dempto
762 1771 903 1872 pondeoe
914 1780 1011 1873 partia
1027 1776 1099 1851 iilia

126 1873 221 1966 quod
231 1874 381 1947 foramini
389 1872 689 1972 perpendiculariter
696 1892 854 1943 immanet
887 1878 979 1949 Nam
989 1872 1016 1947 ii
1028 1875 1097 1947 fota·

124 1993 199 2041 men
205 1969 370 2043 obstaculo
376 1972 486 2065 aliquo
493 1968 730 2048 occluderetur,
737 1967 940 2042 obstaculum
953 1970 1096 2045 sustinet

123 2067 248 2163 pondus
260 2093 352 2162 aquae
368 2066 426 2138 srbi
441 2067 739 2166 perpendiculariter
752 2066 979 2151 incumbentis,
992 2074 1026 2141 δι
1034 2068 1096 2141 fn-

124 2161 206 2235 dum
212 2160 292 2235 vasis
299 2164 462 2237 sustineret
473 2164 596 2263 pondus
607 2188 698 2257 aquae
704 2163 850 2258 reliqua.
867 2164 1094 2239 Sublatoa'utm

122 2257 289 2369 pbstaculo
296 2262 436 2334 fundum
444 2260 524 2335 vafis
531 2259 643 2372 eadent
655 2285 747 2354 aqua
753 2258 920 2358 preffione,
932 2260 1093 2357 eademqne

118 2549 335 2628 descendat&
346 2579 402 2653 per
409 2555 548 2627 formam
562 2551 696 2624 defluat.
746 2550 848 2626 Unde
862 2548 1095 2651 consequenti!

118 2649 212 2745 quod
225 2646 334 2724 mot‘us
352 2676 443 2746 aquae
458 2655 559 2725 totius
573 2648 732 2723 effluentis
750 2651 777 2722 'n
794 2652 856 2722 erit
873 2676 977 2745 quem
988 2650 1095 2752 pontin

119 2772 211 2844 aquae
236 2748 384 2823 foramini
406 2748 706 2849 perpendiculariter
732 2747 947 2823 incumbentis
965 2768 1095 2849 generare

115 2844 225 2940 poffit.
277 2853 366 2921 Nam
385 2872 475 2942 aqua
493 2847 646 2945 particula
664 2869 863 2939 unaquaque
878 2846 1019 2944 pondere
1038 2846 1094 2925 sun

114 2962 272 3110 iiiii
284 2940 903 3136 natantianatantia
921 2944 1095 3119 Ἢ

113 3134 283 3209 statulum.
310 3137 529 3211 Obstaculunr
548 3136 631 3210 iliud
649 3141 702 3209 vel
720 3130 800 3209 vasa
811 3136 859 3209 est
876 3137 899 3211 f
963 3164 1032 3223 um,
1051 3136 1095 3215 vel

113 3258 195 3330 aqua
208 3231 339 3308 inferior
359 3233 486 3332 jamjam
512 3233 697 3320 effluxum
724 3241 942 3332 &propterea
1077 3234 1084 3251 '

112 3344 183 3428 pars
199 3334 251 3406 issa
268 3356 367 3429 quam
382 3330 462 3405 vasis
474 3331 684 3405 fundumnon
698 3330 985 3432 sustinetmtgeblt
995 3356 1097 3431 aquam

110 3424 321 3512 defluentem,
330 3438 498 3502 &motum
506 3421 567 3503 fibi
578 3430 845 3527 proportiomitm
852 3430 1038 3530 generabita
1054 3430 1098 3505 Et

110 3552 189 3602 cum
201 3524 249 3601 vis
262 3530 294 3600 in
396 3552 539 3626 premens
556 3528 601 3599 nil
609 3526 697 3599 aliud
716 3522 757 3598 stt
769 3530 930 3620 quamvis
941 3532 1099 3629 gravitatis

107 3627 298 3789 propriacu'
336 3624 584 3723 queparticulae‚
597 3617 1107 3723 velsupremaesuperficieiflniii

122 3712 308 3816 uperaddita
320 3725 356 3796 vi
367 3724 505 3824 propriae
519 3721 674 3817 cujusque
689 3721 845 3820 inferioris
857 3722 1040 3821 particule,
1057 3722 1105 3801 vel

107 3834 374 3918 quamcunque
393 3820 584 3898 inferiorum
595 3814 836 3921 superficierum
855 3824 1035 3915 aqrnfium
1053 3842 1107 3923 pc
1133 3850 1135 3863 ·
