2484 4366
267 199 955 273 narsico-Matutinarum.
1081 221 1119 292 55

90 350 194 408 tem
211 329 306 405 dabit
319 357 374 430 per
391 327 614 428 interposttum
627 356 739 428 corpus
759 329 874 402 mediae
893 326 1123 426 magnitudinis

104 429 272 530 perfecte
295 428 460 501 elasticum
484 427 596 500 itidem
609 430 783 520 quiescens,
808 453 906 522 quam
924 425 949 497 st
966 428 1055 498 nullo
1075 428 1140 497 in·¹

108 525 292 608 ,termedio
308 524 367 623 ipsr
380 527 597 624 impingatur:
626 529 808 598 Maximam
829 552 908 597 vero
932 526 1125 596 celeritatem

117 624 374 705 tumconseret,
383 649 489 718 quum
507 646 621 720 corpus
632 621 856 721 interposrtum
869 623 968 694 suerit
978 620 1125 694 medium

116 722 367 822 proportionale
380 724 461 792 inter
474 741 624 792 extrema.

175 825 254 915 (ς.)
284 820 472 930 Qoplura
490 842 622 915 corpora
637 815 777 913 perfesle
791 816 914 889 elastica
926 818 1124 912 interponen-

123 938 182 990 tur
201 920 290 988 iuter
303 913 373 987 duo
385 916 550 1008 inaequalia
566 913 705 1012 persede
719 911 853 995 elastica,
886 939 1029 1008 quorum
1047 917 1124 985 alte·

125 1039 205 1086 rum
218 1011 374 1108 quiescat,
387 1016 519 1086 alterum
525 1032 702 1090 moveatur,
727 1035 767 1082 eo
778 1012 880 1103 major
896 1034 1003 1084 motus
1017 1010 1124 1105 quies·

130 1112 222 1183 'centi
243 1111 405 1181 conciliari
432 1111 574 1206 poterit:
609 1109 777 1180 Maximus
801 1130 907 1181 autem
932 1133 988 1205 per
1013 1133 1124 1179 unam·

135 1231 303 1300 quamque
322 1205 582 1305 interposrtorum
599 1204 846 1277 multitudinem
866 1209 909 1277 ita
930 1204 1125 1283 conferetur,

134 1302 360 1400 srinterposrta
376 1330 452 1376 cum
473 1305 623 1376 extremis
643 1303 825 1375 continuam
846 1305 1039 1402 geometrice
1051 1325 1126 1398 pro-

133 1403 365 1501 portionalium
383 1405 492 1473 seriem
507 1399 708 1474 constituant.

136 1568 138 1582 ,
187 1497 381 1572 Notandum
404 1521 511 1571 autem
530 1524 570 1569 ex
631 1496 753 1569 stremis
769 1496 897 1570 duobus
914 1523 969 1596 per
990 1497 1128 1569 Autoris

138 1597 302 1668 calculum
319 1595 470 1675 constare,
496 1602 552 1688 Qu
619 1593 643 1665 sr
659 1619 792 1690 corpora
809 1618 936 1668 centum
953 1622 995 1667 ex
1011 1592 1125 1666 ordine

138 1692 257 1765 dentur
269 1695 302 1764 in
313 1695 517 1791 proportione
534 1691 644 1787 dupla,
671 1693 864 1785 incipiatque
876 1716 982 1765 motus
994 1719 1010 1763 a
1023 1694 1127 1763 maxi·

138 1817 207 1870 mo,
233 1791 296 1861 erit
311 1794 437 1860 celeritas
450 1792 577 1861 minimi
597 1787 637 1860 ad
657 1789 849 1859 celeritatem
861 1813 924 1881 qua
936 1788 1128 1859 movebatur

138 1890 320 1960 maximum
342 1891 486 1986 proxime
506 1912 541 1957 ea
557 1911 632 1980 quae
649 1897 940 1980 14.760.ooo.ooo
952 1883 992 1956 ad
1014 1909 1044 1953 1.
1095 1885 1129 1957 si

774 1998 782 2027 Ι
962 2024 967 2032 .

139 2064 221 2111 vero
239 2067 256 2110 a
275 2039 410 2111 minimo
426 2061 534 2126 motus
552 2040 694 2137 incipiat,
716 2038 885 2136 augebitur
899 2040 931 2111 in
946 2036 1128 2110 universum

139 2145 393 2233 motusqaaatitat
415 2135 589 2208 secundum
607 2157 760 2207 rationem
774 2137 917 2231 proxime
937 2134 1013 2229 quae'
1029 2159 1060 2205 1.
1086 2131 1127 2205 ad

139 2245 509 2331 4.677.ooo.000.0oo.
560 2231 660 2306 Unde
681 2233 746 2303 sane
763 2235 795 2303 in
810 2233 880 2304 casu
897 2235 1002 2330 priore
1013 2233 1130 2305 mirata.-

166 2346 174 2373 Ι
327 2344 336 2373 Ι

139 2384 221 2458 dum
245 2388 416 2464 velocitatis,
442 2387 474 2456 in
500 2383 671 2482 posteriore
696 2386 795 2481 magis
823 2381 1004 2455 mirandum
1032 2383 1128 2482 ipsrus

140 2493 317 2580 quantitatis
327 2504 422 2552 motus
439 2504 648 2581 augmentum
660 2482 877 2575 consequitur.

188 2585 275 2670 Qae
295 2600 401 2674 autem
429 2586 484 2672 (ut
510 2576 573 2649 hoc
599 2577 727 2651 tandem
754 2602 899 2650 moneam
923 2579 1044 2666 obiter)
1069 2578 1124 2648 ci.

144 2679 315 2774 Hugenius
338 2673 384 2746 de·
399 2676 547 2747 omnibus
558 2676 757 2773 corporibus,
782 2697 837 2746 aut
849 2676 955 2747 saltem
971 2674 1013 2745 dc
1025 2675 1130 2744 omni-

142 2773 200 2844 bus
213 2772 354 2870 perfecte
368 2769 458 2843 duris
473 2770 612 2854 asseruit,
637 2797 691 2842 nos
708 2793 832 2842 tantum
847 2769 1048 2859 deomnibus
1061 2793 1131 2866 per-

141 2869 229 2941 fec‘te
255 2868 398 2948 clasticis,
424 2895 500 2940 cum
525 2873 580 2941 Cl.
601 2866 751 2943 Wallifio
766 2874 799 2937 ὃ(
816 2874 984 2940 Newtono
1006 2863 1132 2939 asserui.-

139 2992 214 3039 mus
228 2973 261 3036 &
274 2963 568 3038 demonstravimus.
618 2973 738 3060 Neque
752 2966 840 3037 aliter
861 2986 946 3044 certe
966 2985 1028 3036 aut·
1038 2966 1131 3036 intel·

139 3066 200 3162 ligi
221 3083 276 3153 aut
296 3059 594 3148 affirmari'debent.
645 3070 806 3147 Motuum
831 3065 916 3133 enim
936 3069 1037 3160 Leges
1057 3087 1132 3154 quae
1167 3140 1168 3143 ,

142 3160 332 3256 corporibus
352 3162 486 3253 reliquis
511 3185 573 3230 non
595 3160 728 3232 clasticis
750 3183 943 3254 congruunt,
965 3162 1032 3232 aliae
1045 3162 1133 3254 plane
1227 3200 1230 3205 ·

144 3256 217 3350 su'nt
235 3258 438 3351 plerunque,
451 3264 496 3327 ¹'&
519 3257 558 3327 ab
589 3255 673 3328 hisce
699 3258 769 3329 satis
791 3255 942 3338 diversae3
977 3276 1072 3351 prout
1091 3271 1132 3324 e'x

139 3375 213 3425 ante
230 3353 325 3424 dietis
343 3349 467 3444 abunde
479 3352 618 3424 constare
632 3351 755 3450 potest:
782 3351 876 3448 atque
892 3353 971 3424 adeo
983 3374 1059 3420 cum
1071 3352 1134 3422 ela·

140 3449 299 3522 sticorum
311 3451 436 3547 legibus
450 3451 520 3520 sunt
531 3453 662 3522 minime
671 3448 930 3522 contaminanda.
981 3453 1065 3533 Quae
1078 3455 1134 3516 au-

140 3568 210 3618 tem
229 3545 551 3644 corporaimperseste
567 3547 690 3620 clastica
704 3547 852 3642 spedant,
867 3548 884 3616 ὲ
897 3547 952 3615 Cl.
967 3549 1150 3618 Newtono'

142 3647 176 3714 in
187 3643 388 3736 sequentibus
408 3642 581 3736 tradentur.
633 3645 695 3718 Sed
711 3649 852 3737 Manum
866 3642 906 3715 de
921 3639 1036 3733 tabula.

185 3841 282 3932 Maij
295 3837 328 3908 8.
360 3861 459 3934 1704.
906 3918 923 3928 ‚g
1180 3873 1230 3880 —-

678 3938 757 4047 Μ
949 3942 1015 4011 VI.
1043 3939 1137 4012 Me.-
