2484 4366
119 208 185 289 130
392 184 826 260 rrtaerrcrrortrs

115 345 225 399 entem
243 318 371 395 alterius
396 320 525 393 vicibus
546 322 739 403 collocetur,
757 323 821 393 erit
836 320 995 394 velocitas
1009 322 1044 393 in
1057 315 1107 417 ips

114 421 338 499 distantiarum
349 420 472 491 ratione
484 422 551 492 reci
573 445 660 499 roca,
678 429 713 491 δι
724 421 757 492 in
769 415 921 492 distantia
935 416 1107 491 mineretl·

118 524 218 595 terius
239 517 281 591 ad
304 513 452 589 amussim
472 542 497 611 q
580 520 675 615 uplt:
702 526 737 588 δι
755 518 801 589 ita
818 518 852 589 in
868 515 1109 609 distantiisqui·

118 618 319 710 buscunque.
350 613 689 712 QuodinSystemate
700 617 820 711 quovis
833 612 1109 713 Planetnioprobt
1143 688 1146 693 .

120 710 298 791 meminisse
316 714 494 809 oportebit.

170 818 292 889 XVII.
325 816 457 907 Corpus
475 835 569 883 omne
588 810 693 902 quod,
711 810 804 884 radio
822 810 864 883 ad
880 832 1037 885 centrum
1048 834 1111 883 cor·

121 914 209 1012 poris
227 910 357 982 alterius
375 931 540 1003 utcunque
553 911 637 980 moti
655 908 769 985 ducto,
787 907 943 983 describit
961 933 1046 983 arear
1056 909 1111 979 cir⁴
1140 980 1145 999 ,

121 1036 161 1083 ca
180 1030 325 1081 centrum
344 1006 426 1080 illud
450 1008 649 1104 temporibus
667 1008 928 1105 proportionales,
951 1006 1114 1107 urgeturl

123 1110 161 1181 vi
179 1103 357 1205 composita
375 1130 417 1177 ex
435 1107 472 1177 vi
490 1108 664 1201 centripeta
682 1103 830 1178 tendente
849 1104 892 1177 ad
909 1126 1030 1206 corpus
1045 1104 1114 1187 tlte·

124 1230 213 1287 tum,
232 1212 268 1277 δε
292 1230 334 1277 ex
359 1206 395 1275 vi
413 1205 502 1274 omni
525 1204 743 1277 acceleratrice
763 1228 828 1298 qua
849 1226 970 1301 corpus
990 1204 1115 1285 alterum

125 1325 272 1402 urgetur.
323 1303 358 1372 Si
375 1304 461 1373 enim
478 1302 584 1398 primo
600 1301 763 1395 quiescant
781 1303 910 1399 planum
928 1309 1117 1374 &centrum

126 1405 247 1475 virium
265 1396 371 1472 inisto
406 1400 489 1478 lano,
511 1420 603 1470 erunt
622 1424 698 1471 aree
718 1399 918 1497 temporibus
939 1400 1117 1499 proportio-

124 1500 227 1580 mles3
249 1502 285 1569 δι
297 1492 323 1569 st
334 1423 446 1569 cadim
463 1496 622 1570 celeritate
645 1521 779 1595 corpora
796 1518 936 1590 utraque
959 1522 1018 1595 per
1036 1498 1119 1571 lines

124 1597 280 1694 parallelas
291 1597 505 1667 accelerentur
520 1595 692 1667 manebunt
704 1621 781 1667 areae
797 1595 1002 1693 temporibus
1013 1584 1119 1669 edm

124 1718 205 1769 aum
222 1694 481 1791 proportionales.
532 1690 635 1767 Unde
656 1718 734 1764 cum
756 1718 798 1765 ox
817 1690 1001 1790 hypothesi
1022 1716 1119 1767 mene·

126 1814 180 1868 tnt
191 1816 269 1865 areae
281 1790 479 1890 temporibus
496 1793 754 1889 proportionales,
773 1789 968 1863 manebit&
985 1794 1040 1865 vis
1055 1814 1118 1864 ctu·

127 1893 245 1988 tripeta
260 1914 370 1961 earum
390 1888 492 1968 causa,
514 1897 548 1960 &
565 1890 614 1960 vis
632 1890 835 1962 acceleratrix
863 1887 994 1984 ubique
1020 1886 1120 1963 eadem

129 1990 314 2060 communis
336 1987 503 2058 celeritatis
524 1987 782 2059 causamanebit.

179 2088 280 2155 Crroll.
299 2088 370 2172 (1.)
400 2086 434 2155 si
454 2108 570 2182 corpus
587 2084 730 2179 quodvis
748 2081 837 2156 radio
851 2078 893 2155 ad
912 2087 1057 2159 alterum
1069 2081 1120 2157 dn·

128 2183 187 2252 ἂο
205 2178 362 2252 describat
380 2206 462 2253 areas
482 2182 679 2280 temporibus
694 2182 962 2282 proportionales,
983 2180 1120 2279 atquede
1149 2196 1156 2284 l

129 2281 167 2351 vi
181 2297 263 2358 tota,-
282 2274 349 2350 live
360 2274 511 2376 simplici,
530 2275 596 2354 live
607 2305 649 2352 ex
660 2280 806 2378 pluribus
822 2278 954 2353 viribus
972 2274 1119 2380 composi·

131 2392 261 2548 llll}
279 2378 649 2572 {spissii‘esiff
667 2376 866 2549 stiffi
881 2380 1116 2569 {iiiiii

127 2518 130 2525 '
784 2520 796 2557 9

130 2593 197 2668 qua
215 2596 329 2673 corpus
344 2574 432 2670 prius
448 2595 582 2673 urgetur
599 2503 763 2648 tendigtead
779 2597 896 2672 corpus
914 2577 1112 2662 alterutrim·
1141 2558 1156 2661 i

131 2694 234 2766 quarn
254 2668 295 2742 ad
315 2691 470 2742 centrum.
1144 2678 1147 2689 '

182 2772 284 2841 Coroll.
313 2775 381 2860 (2.)
410 2773 457 2840 Et
483 2763 507 2840 li
532 2794 610 2842 areae
631 2770 694 2841 illae
717 2763 778 2842 sint
805 2770 1018 2865 temporibus
1040 2786 1110 2865 qun
1139 2812 1156 2858 ‚1

130 2867 279 2962 proxime
291 2867 550 2965 proportionales,
576 2869 625 2939 vis
642 2867 767 2962 reliqua
778 2863 889 2938 tendet
903 2864 946 2939 ad
962 2862 1108 2967 corpus

132 2981 240 3035 terum
263 2987 361 3056 quam
385 2967 545 3060 proxime.
1007 3052 1010 3057 ,
1139 2968 1147 2987 ''

185 3062 286 3131 Coroll.
312 3068 382 3231 (p.)
410 3064 458 3133 Et
469 3064 542 3135 vice
560 3061 699 3144 versa‚st
718 3063 766 3137 vis
780 3060 1111 3159 reliquatendatqun
1138 3090 1156 3177 q

135 3159 322 3328 proximet
365 3183 481 3255 corpus
507 3162 656 3241 alterum,
677 3183 770 3252 erunt
795 3184 873 3235 areat
893 3160 961 3232 illae
982 3156 1112 3260 tempori
1141 3166 1156 3241 b

161 3281 313 3350 usquam
337 3257 485 3355 proxime
507 3261 764 3356 proportionales.
1150 3316 1156 3339 t

186 3357 289 3427 Coroll.
310 3359 381 3451 (4.)
409 3357 443 3427 Si
463 3382 591 3454 corpus,
610 3354 701 3431 radio
723 3354 764 3429 ad
780 3358 915 3430 alterum
930 3381 1053 3457 corpus
1065 3352 1111 3427 du·

138 3454 208 3534 eto,
228 3446 383 3525 describat
402 3477 485 3526 areas
501 3476 575 3547 quae
591 3480 668 3527 cum
690 3454 889 3552 temporibus
909 3458 1041 3529 collat'ae
1063 3454 1114 3525 sul
1144 3466 1156 3539 i

138 3548 233 3624 valde
245 3549 429 3645 inaequales‚
456 3558 624 3648 &corpus
644 3554 727 3628 illud
752 3554 885 3626 alterum
910 3556 970 3626 vel
996 3550 1116 3651 quiesi!
1143 3550 1156 3635 t

138 3649 193 3721 tel
208 3670 377 3722 moveatur
389 3647 594 3721 uniformiter
606 3652 639 3723 i'n
652 3649 825 3733 directum,
841 3650 930 3722 attio·
946 3655 1001 3727 vis
1019 3650 1116 3725 cenn'r
1146 3654 1156 3727 l

141 3765 223 3838 petae
247 3745 288 3818 ad
310 3771 426 3846 corpus
450 3745 533 3820 illud
556 3749 692 3823 alterum
714 3747 870 3843 tendent'p
894 3752 951 3839 vel
976 3753 1065 3825 nullt
1075 3742 1116 3821 el,
1151 3744 1155 3749 ’

143 3841 199 3934 vel
215 3843 366 3947 miscetur
392 3852 428 3920 dc
445 3847 650 3944 perturbatur
675 3848 716 3924 ab
739 3845 966 3923 aliis'viribus.
1017 3844 1119 3925 Eril
1153 3850 1156 3911 ἶ

1070 3960 1118 4019 soll
