2484 4366
244 202 958 309 puteaco-marnammcve.
1058 210 1108 304 ,a

597 464 645 533 V.

265 631 487 746 Axiamata
497 631 588 741 five
614 630 796 719 Moratum
822 632 963 748 Leges.

111 851 133 932 .(
141 850 192 937 ι.)
212 845 462 1012 Connus
486 867 581 916 omne
597 842 768 940 perseverat
783 844 816 916 in
829 840 912 914 statu
926 842 985 914 suo
1000 843 1107 936 quies·

317 937 418 1013 cendi
425 941 478 1013 vel
489 940 642 1013 movendi
654 940 861 1013 uniformiter
881 942 912 1012 in
934 938 1108 1022 dacem,

113 1037 177 1110 nisi
196 1059 355 1132 quatenus
376 1063 394 1110 a
413 1037 535 1110 viribus
557 1036 707 1136 impressis
729 1039 858 1138 cogitur
879 1035 996 1111 statum
1015 1039 1108 1113 illum

117 1158 258 1209 mutare.

172 1233 350 1326 uojeetilia
368 1230 562 1328 perseverant
576 1234 607 1303 in
624 1234 768 1308 motibus
780 1233 840 1306 suis
855 1229 914 1304 nist
927 1252 1109 1325 quatenusa

118 1327 383 1403 resistentid‘aeris
402 1329 608 1410 retardantur,
634 1337 668 1402 &
681 1332 715 1402 vi
728 1332 892 1430 gravitatis
905 1328 1111 1426 impelluntur

116 1426 287 1501 deorsum:
320 1424 485 1507 Trochus,
508 1427 601 1518 cujus
621 1451 721 1525 partes
738 1424 928 1500 cohaerendo
953 1448 1111 1524 perpetuo

116 1523 285 1598 retrahunt
304 1523 333 1595 se
352 1550 368 1595 a
387 1525 718 1606 motibusreetilineis‚
742 1549 805 1598 non
814 1522 908 1597 cessat
916 1526 1025 1605 rotari,
1049 1522 1109 1597 nist

116 1622 322 1716 quatenusab
333 1647 402 1692 aere
415 1622 710 1717 autabinaequabili
717 1623 896 1720 superficie,
917 1625 973 1694 cui
983 1620 1109 1704 infistit,

119 1720 310 1793 retardatur.
359 1718 487 1811 Majora
502 1741 608 1791 autem
624 1722 819 1794 Planetarum
842 1728 877 1791 &
896 1723 1110 1792 Cometarum

121 1843 258 1916 corpora
268 1814 459 1906 motussssuos
473 1823 508 1887 δι
526 1815 735 1916 progreffivos
744 1817 994 1888 &circularesin
1006 1815 1111 1912 spatiis

119 1919 225 1987 minus
239 1913 452 1985 refistentibus
461 1913 562 1984 sacros
570 1915 751 1987 conservant
763 1912 897 1985 diutius.
945 1915 1111 2006 Hacqui·

120 2010 198 2083 dem
215 2011 323 2083 motfis
333 2012 453 2108 regula,
477 2013 622 2083 omnium
636 2015 775 2084 maxime
790 2009 1043 2090 fundamentalis,
1063 2007 1112 2082 est

123 2108 193 2179 sane
209 2135 249 2181 ex
272 2110 410 2181 materia
433 2110 528 2180 inerti
552 2115 585 2180 &
605 2107 722 2204 paffiva
740 2130 849 2181 natura
866 2104 1111 2180 evidentissima.

123 2208 245 2299 Siquis
259 2208 344 2278 enim
358 2229 473 2303 corpus
491 2204 624 2300 aliquod
635 2206 795 2300 quiescens
809 2205 873 2278 fine
886 2207 924 2276 vi
936 2207 1042 2299 aliqua
1049 2208 1112 2278 lm,

119 2301 220 2400 pressa
235 2305 372 2383 moveri,
393 2324 449 2375 aut
470 2327 584 2400 corpus
613 2324 739 2375 motum
764 2301 829 2375 fine
846 2305 882 2374 vi
904 2303 1010 2396 aliqua
1033 2301 1111 2375 resi·

120 2399 222 2473 stenae
251 2420 416 2472 momento
442 2402 594 2497 temporis
617 2401 779 2494 quiescere
811 2400 1017 2498 supponeret,
1048 2424 1112 2472 non

121 2496 186 2569 sine
204 2496 333 2595 stupore
353 2495 487 2569 illud&
503 2498 647 2569 miraculi
667 2497 760 2570 instar
781 2519 893 2569 natura
912 2493 996 2568 duce
1014 2492 1111 2569 habe·

123 2616 190 2676 ret3
218 2619 294 2690 cum
319 2594 441 2666 viribus
459 2597 596 2666 externis
613 2593 654 2666 ad
665 2617 793 2671 motum
808 2592 874 2666 sive
893 2590 1112 2690 generandum

126 2690 192 2762 five
207 2689 378 2764 sistendum
393 2688 550 2791 opus'else'
559 2716 620 2762 non
662 2690 735 2763 offit
747 2715 810 2763 non
824 2688 1015 2762 existimare.
1115 2720 1121 2727 ·

174 2790 244 2878 (2.)
279 2788 397 2862 Omnis'
416 2810 523 2861 motus
546 2807 601 2886 per
629 2715 725 2860 dest
743 2788 956 2866 rectilinearis,
992 2784 1059 2857 five
1079 2787 1113 2869 in

120 2888 248 2986 plagam
264 2908 382 2958 certam
394 2885 633 2963 deteminatus.

133 2984 137 2994 '
170 2987 251 3055 Hoc
269 2981 309 3073 ex
330 2983 392 3082 ipsa
404 2982 512 3056 mortis
525 2989 636 3055 natura
652 2984 812 3078 sequitur3
840 3006 916 3054 cum
924 3002 1033 3054 motus
1047 2980 1112 3054 fine
1220 3014 1223 3019 ·

121 3079 266 3172 ejusdem
282 3083 315 3152 in
330 3080 454 3178 plagam
470 3083 618 3175 aliquam
629 3079 897 3155 determinatione
910 3080 1037 3177 concipi
1056 3104 1113 3149 ne-·

121 3179 233 3270 q'ueat.
260 3175 287 3253 st
301 3200 406 3250 autem
419 3177 513 3251 semel
524 3181 557 3250 in
570 3181 695 3280 plagam
710 3181 847 3272 aliquam
864 3177 1005 3250 directio
1019 3177 1123 3248 intel·

124 3276 261 3372 ligatur,
282 3271 502 3373 perseverabit,
531 3276 653 3372 exlege
666 3276 781 3374 priore,
808 3299 922 3373 corpus
938 3270 1114 3345 secundum

122 3369 256 3444 eandem
269 3373 388 3446 restam
400 3374 538 3455 moveri,
561 3371 663 3448 donec
677 3375 760 3445 viret
771 3369 931 3470 'impressae
946 3370 986 3442 ab
997 3367 1122 3455 istadif.

122 3470 265 3541 restione
274 3467 454 3544 deturbent.
475 3469 501 3504 ³
1072 3498 1074 3503 ·
1107 3496 1110 3501 ’

138 3594 141 3600 ’
172 3567 354 3661 Siquando
375 3591 481 3642 autem
495 3591 550 3665 per
573 3592 706 3641 curvam
721 3570 834 3644 lineam
854 3589 969 3663 corpus
982 3588 1114 3636 movea-

129 3686 191 3745 tnr,
213 3663 333 3736 necesse
345 3663 391 3736 est
403 3688 440 3739 ut
453 3687 619 3743 curvatura
626 3665 683 3740 ista
694 3692 736 3738 ex
747 3665 870 3742 viribus
880 3663 1035 3736 extraneis
1041 3685 1114 3762 per·

126 3771 226 3859 petuo
239 3762 394 3860 impressas
413 3766 551 3857 oriatura
577 3785 673 3860 arque
695 3763 775 3836 adeo
794 3760 935 3835 fimulac
950 3761 1034 3857 vires
1051 3763 1114 3852 illa

124 3881 283 3963 eirtraneae
297 3859 422 3989 cpllant,
446 3885 562 3962 corpur
574 3885 630 3960 per
651 3887 783 3946 curvam
800 3860 899 3946 etiam
912 3856 1125 4024 moverpgesgn
1192 3939 1195 3963 Ι

1035 3955 1113 4034 ait,
1192 3974 1194 3983 ¹
