2484 4366
116 239 159 313 52
388 216 835 286 rraeztcrronns

172 343 265 434 (18.)
291 342 496 440 Cmporibus
506 339 633 413 duobus
645 340 706 415 fibi
721 361 839 413 mutuo
847 338 1107 423 occurrentibttt,

120 437 189 517 sive
206 440 352 520 elastitit,
376 438 443 512 five
454 464 517 511 non
532 438 679 520 crastiua
702 463 765 511 non
776 438 896 536 semper
907 437 978 537 post
985 439 1107 537 impul·

119 542 190 616 sum
211 538 322 611 eadem
340 559 449 610 motus
468 538 627 630 quantitas
650 539 845 631 inutraque
862 533 959 609 simul
976 533 1107 634 sumpto

118 639 334 716 conservatur,
357 661 433 729 quae
447 633 516 726 ¹fuit
537 657 632 716 ante3
658 633 779 707 sedvel
800 636 912 732 augeri
929 631 1033 731 potest
1050 632 1107 705 vel

119 738 233 809 minui.
282 736 377 806 Hanc
406 754 515 805 motus
541 733 658 830 legem,
682 757 758 825 que
785 754 896 804 contra
918 728 1105 804 Cattesrum

119 833 243 906 diredte
255 834 384 911 militat,
407 831 510 927 dlege
528 843 576 924 γ’.
588 833 674 926 prius
683 828 891 908 deduximus,
909 828 1021 922 quoad
1033 855 1107 901 cor·

207 928 404 1002 nonelastiea
415 954 426 1009 ς
454 935 540 998 &ex
552 924 849 1025 legepenultirnade
863 923 997 999 elasticis
1008 928 1107 1000 etiarn

29 1095 32 1103 ·
120 955 286 1198 siin
304 1026 636 1195 ineante
652 1122 1089 1219 nn

120 1246 336 1392 333?ss
362 1220 1106 1397 ”dessidefflssddsffiffdssssstsss

118 1437 167 1488 tas
181 1416 353 1512 respeffiva
370 1434 492 1485 maneat
512 1410 597 1496 data,
621 1417 777 1508 quantitas
794 1434 903 1485 motus
919 1414 983 1485 erit
995 1412 1106 1487 admo

119 1510 203 1584 dum
227 1513 405 1607 inaequalis,
429 1530 526 1608 prout
543 1536 660 1608 corpus
677 1511 779 1601 majus
802 1532 858 1582 aut
877 1511 984 1583 minus
997 1511 1105 1602 majo·

121 1635 189 1681 rem
205 1611 385 1682 velocitatis
405 1608 588 1705 respeetivae
609 1612 742 1706 integrae
759 1629 880 1704 partem
896 1609 1040 1681 lucratur
1050 1629 1106 1681 aut

120 1708 278 1779 minorem
285 1732 297 1789 3
324 1727 575 1781 utexrnotuurn
588 1702 1108 1778 calculoetiammoxinstituendo

120 1806 235 1877 clarius
246 1805 377 1902 patebit.

172 1908 266 1989 (19.)
283 1904 317 1974 Si
327 1923 443 1999 corpus
455 1897 763 1997 persedeelnsticutn
769 1896 1108 1992 majmminotiquies·

120 2002 205 2071 centi
216 2021 376 2078 occturat,
394 2001 556 2068 minorem
567 1999 598 2068 ei
608 2000 812 2069 velocitatem
823 1997 914 2070 dabit
925 2022 1024 2090 quam
1041 1995 1109 2067 du·-

143 2098 204 2167 lam
217 2095 290 2166 sua.
317 2101 406 2166 Cum
421 2097 505 2166 enim
518 2091 590 2191 post
607 2095 777 2191 impulsum
789 2119 923 2193 corpora
933 2091 1045 2166 eadem
1054 2117 1107 2165 ce-

118 2118 241 2265 sintne
256 2190 429 2289 respestivd
448 2218 466 2263 a
485 2187 515 2262 se
533 2193 671 2263 invicem
690 2190 849 2264 discedere
868 2189 1016 2271 debeant,
1043 2214 1108 2283 qua

119 2288 160 2362 ad
175 2288 314 2362 invicem
324 2286 521 2367 accesserant,
533 2286 600 2359 hoc
605 2287 652 2360 est
664 2290 697 2361 in
709 2289 778 2361 casu
791 2288 945 2385 praesenti,
957 2310 1022 2383 qun
1033 2313 1108 2359 cor·

119 2410 180 2485 put
201 2384 304 2478 majus
328 2408 398 2458 ante
418 2387 593 2483 impulstun
616 2409 746 2458 motum
769 2383 846 2459 esset
853 2413 865 2468 3
892 2384 919 2457 st
943 2387 1108 2459 Velocitat

117 2483 309 2578 quiescentis
320 2481 758 2579 evaderetduplnvelocitatis
767 2484 966 2563 inctnren'tis,
978 2504 1110 2579 oporte-

117 2602 168 2655 ret
180 2584 351 2662 incurrens,
375 2578 447 2678 post
463 2602 592 2652 motum
616 2580 793 2674 quiescenti
818 2582 1108 2658 communicatum,

116 2675 230 2750 eadem
245 2680 411 2751 celeritate·
424 2675 489 2751 fine
511 2679 573 2749 ulla
592 2677 734 2769 ejusdem
753 2678 874 2770 jastura
893 2702 1026 2776 pergere
1042 2701 1110 2770 qua

117 2778 217 2874 prius·
248 2800 252 2807 ·
266 2775 371 2866 Quod
383 2773 430 2847 est
446 2774 629 2847 absurdum.

168 2879 263 2956 (zo.)
289 2876 325 2945 si
337 2896 470 2970 corpora
479 2871 549 2945 duo
560 2870 701 2968 perfeee
711 2869 835 2943 elastica
847 2869 908 2943 srbi
919 2894 962 2944 ex
974 2868 1108 2943 adverso

117 2990 300 3050 occurrant,
322 2992 465 3064 quorum
477 2968 751 3067 magnitudinibus
763 2971 936 3041 celeritates
951 2968 1108 3041 contraria

116 3069 239 3138 ratione
250 3066 466 3160 respondeant,
491 3088 667 3159 utrumque
684 3064 794 3137 eadem
818 3091 883 3159 qua
904 3062 1035 3138 acctffit
1053 3090 1108 3137 ce·

114 3165 238 3236 lenitate
256 3154 393 3236 resiliet·
429 3166 621 3235 ¹'Cumenirn
633 3166 729 3236 Vires
739 3188 814 3257 qoae
825 3188 869 3235 ex
882 3186 1106 3258 merocorpo·

114 3288 190 3334 rum
214 3259 351 3358 impulsu
376 3258 439 3334 sine
458 3259 579 3334 elaterdi
597 3257 845 3333 consideratione
865 3260 1028 3341 oriuntur,
1046 3255 1107 3331 fint

116 3363 267 3451 utrinque
292 3362 438 3453 aequales,
465 3361 495 3429 se
517 3381 636 3431 mutuo
659 3383 700 3430 ex
725 3363 814 3455 Lege
834 3357 869 3429 8·
884 3355 1106 3430 substinebunt

115 3455 340 3528 &deſtruente
366 3453 549 3531 Restabunt
560 3458 668 3550 iraque
682 3456 754 3526 solae
765 3458 847 3527 vires
858 3452 993 3527 elasticae
1001 3482 1014 3538 ;
1030 3478 1104 3548 quae

114 3578 192 3626 curn
205 3550 266 3626 sint
278 3554 429 3649 utrinque
442 3560 477 3624 δε
491 3554 573 3626 inter
580 3553 626 3632 se,
652 3561 687 3624 dt
695 3553 840 3624 motibus
857 3554 1020 3649 prioribus
1033 3576 1105 3624 orn·
1143 3622 1148 3629 .

113 3652 195 3819 iffi
206 3652 1105 3845 Ἥῗὲἲέῗίᾧὶςᾚξὲἒῖξᾱῗὲᾞὲῗὲίἱςῗ

112 3845 191 3918 serat
199 3847 289 3945 prius
299 3848 457 3922 celeritate
467 3845 540 3947 post
550 3847 721 3920 occursum
732 3832 860 3926 refilieti
1037 3938 1061 4013 h

293 3964 296 3969 '
995 3947 1037 4015 Sc
1060 3966 1098 4013 o·
