2452 4366
254 186 944 285 misico-MATREMATM.
1047 235 1106 311 193

166 344 243 416 XL.
269 345 304 417 si
317 368 452 443 corpora
464 346 554 441 plura
572 341 686 424 fluida,
711 362 766 415 aut
778 339 912 425 diversa,
943 363 999 415 aut
1018 345 1050 416 in
1070 370 1111 415 u·

92 482 96 515 ι
119 463 198 513 num
224 440 367 518 fluidum
395 442 599 514 coalescentia
624 443 708 512 circa
734 441 892 511 Planetam
921 442 1110 536 primarium

119 558 321 618 moveantur,
346 536 479 637 fingulae
500 536 597 611 fluidi
612 558 712 633 partes
729 558 835 609 motus
848 536 919 609 suos
938 536 979 610 ad
1001 540 1105 637 legem

115 630 253 708 btellitis
286 633 467 733 peragendo
495 637 625 732 propius
664 633 815 706 accedent
845 633 885 705 ad
916 636 1107 733 primarium

115 733 239 803 caeteris
258 730 399 829 paribus,
424 738 458 804 δι
478 733 611 804 celerius
630 731 850 803 movebuntur
874 734 908 803 in
926 732 1105 822 conjunctr-

114 850 171 899 one
189 834 227 899 δι
245 826 447 927 oppositione
466 828 601 928 ipsarum
619 834 653 898 &
676 830 832 909 strimarii,
857 853 955 921 quam
972 832 1008 921 in
1022 855 1101 923 qua-

117 920 266 1013 draturis.
316 928 363 998 Et
385 923 480 999 Nodi
494 926 599 998 annuli
618 921 726 1015 hujus,
750 923 804 997 seu
822 927 1051 999 intersecliones
1068 952 1103 998 e·

117 1016 162 1109 'ius
181 1044 264 1095 cum
277 1024 434 1121 ecliptica
454 1024 546 1120 plano
563 1021 726 1116 quiescent
744 1023 776 1092 in
795 1024 951 1120 syzygiis.
1000 1028 1104 1097 Extra

117 1114 135 1185 s
147 1122 267 1217 zygias
281 1143 362 1191 vcro
375 1120 594 1192 movebuntur
608 1120 639 1191 in
658 1116 872 1190 antecedentia
879 1145 891 1201 3
919 1125 953 1189 &
970 1121 1105 1196 velocis-

118 1142 190 1288 line
203 1214 342 1309 quidem
358 1218 390 1288 in
408 1214 619 1309 quadraturis,
644 1214 764 1288 tardius
776 1216 841 1287 aliis
856 1217 889 1285 in
901 1216 991 1286 locis.
1032 1223 1102 1289 An·

116 1314 179 1385 tuli
194 1334 334 1407 quoque
351 1315 515 1386 inclinatio
532 1314 706 1391 variabitur
711 1339 723 1395 3
751 1317 785 1383 δι
807 1312 873 1385 axis
887 1309 954 1402 ejus
975 1309 1112 1411 singulis

113 1410 372 1483 revolutionibus
394 1408 561 1483 menstruis
579 1408 785 1489 oscillabitur,
810 1408 1032 1507 completaque
1051 1435 1103 1482 re·

113 1508 285 1579 volutione
297 1504 338 1579 ad
348 1504 517 1604 pristinum
533 1506 630 1579 situm
646 1505 784 1579 redibit:
810 1504 869 1579 nisr
882 1527 1104 1605 quatenusper

106 1598 349 1699 praecessionem
369 1602 545 1677 Nodorum
559 1603 797 1676 circumfertur.
846 1605 932 1674 Hac
945 1606 1050 1676 omnia
1062 1629 1103 1676 ex

104 1696 639 1893 bb‘ssbfsbtssssbl
657 1697 978 1893 ffisgffi,
1005 1721 1103 1793 mm

158 1895 363 1964 molarem.
412 1896 502 1967 Hinc
516 1895 638 1966 Annuli
653 1894 790 1966 Saturnii
803 1891 1008 1990 phaenomena
1020 1915 1099 1963 non·

104 1990 197 2070 nula,
221 1986 323 2062 modo
337 1988 479 2063 fluidum
491 1986 542 2073 fit,
567 1991 659 2063 facile
679 1988 806 2088 possunt
830 1988 977 2087 intelligi.
1027 1993 1102 2059 Irno

106 2110 204 2165 vero,
228 2082 404 2160 sisolidum
421 2084 472 2168 srt,
491 2086 630 2177 ejusdem
644 2114 720 2160 cum
735 2088 894 2182 Ecliptica
905 2084 1099 2157 intersectio-

107 2205 166 2254 nes
184 2178 251 2255 five
278 2181 374 2257 Nodi
401 2184 563 2278 quiescent
580 2187 613 2256 in
635 2183 780 2284 syzygiis
806 2184 878 2263 suis,
910 2183 967 2255 ubi
985 2207 1099 2282 nempe

112 2280 167 2351 Sol
181 2280 215 2351 in
231 2280 298 2377 ipso
312 2282 417 2353 annuli
434 2283 527 2377 plano
541 2306 631 2376 teque
644 2308 679 2353 ac
693 2283 892 2377 ineclipticae
905 2283 998 2379 plano
1009 2304 1100 2378 repe·

111 2376 204 2449 ritur.
254 2381 358 2450 Extra
372 2379 520 2476 syzygias
537 2399 644 2451 autem
661 2375 900 2476 regredientur:
928 2384 962 2450 δι
972 2379 1099 2449 celerri-

113 2469 308 2569 mequidem
320 2475 353 2547 in
362 2473 574 2568 quadraturis,
599 2473 720 2547 tardius
733 2476 799 2547 aliis
811 2477 842 2546 in
854 2474 945 2547 locis.
971 2475 1097 2546 Annuli

112 2592 243 2665 quoque
255 2572 418 2643 inclinatio
430 2572 617 2653 variabitur,
642 2579 677 2643 δι
699 2573 765 2655 axis
785 2570 852 2660 ejus
867 2568 996 2667 fingulis
1011 2572 1096 2642 circa

114 2667 217 2741 Solem
232 2669 489 2741 revolutionibus
503 2665 645 2742 nutando
663 2668 712 2739 bis
730 2666 933 2740 inclinabitur
950 2669 984 2739 in
997 2668 1097 2762 eclip-

112 2762 217 2845 ticam,
242 2770 279 2837 &
295 2764 345 2837 bis
357 2763 476 2838 redibit
493 2764 534 2838 ad
549 2763 739 2862 positionem
758 2765 910 2861 priorem,
935 2760 995 2834 nisi
1016 2787 1097 2855 qua·

113 2878 196 2935 tetrus
210 2884 269 2957 per
282 2859 515 2958 praecessionem
530 2859 691 2934 nodorum
705 2858 944 2932 circumfertur.
995 2860 1050 2931 Ut
1057 2882 1100 2934 ex

111 2955 285 3031 ineditus
293 2956 341 3031 est
352 2957 592 3054 apertissimum.

153 3058 252 3129 XLI.
280 3057 314 3126 Si
327 3054 515 3128 fluidumin
537 3058 629 3127 alveo
654 3079 711 3153 per
731 3050 931 3151 superficiem
955 3051 1096 3142 cujusvis

116 3150 245 3223 Planetae
259 3148 327 3223 live
338 3153 479 3248 primarii
492 3150 557 3225 five
575 3150 749 3224 secundarii
763 3172 918 3224 excavato
935 3153 1097 3223 continea-

116 3264 178 3327 tur,
200 3254 234 3319 δι
245 3272 396 3323 unacum
410 3250 532 3346 planeta
546 3249 603 3319 suo
611 3271 703 3320 motu
716 3246 882 3343 periodico
894 3247 1012 3320 diurno
1024 3247 1097 3316 uni·

116 3340 256 3417 formiter
270 3346 455 3419 revolvatur
467 3372 479 3427 3
505 3366 605 3440 partes
619 3343 747 3442 singulae
760 3342 857 3436 hujus
870 3343 967 3416 fluidi
973 3367 1029 3440 per
1041 3345 1094 3415 vi-

116 3462 161 3511 tes
174 3442 353 3513 acceleratae
369 3448 403 3511 &
415 3440 578 3514 retardata
597 3445 629 3513 in
650 3442 793 3539 syzygiis
806 3441 879 3522 suis,
905 3439 971 3513 srve
983 3442 1014 3511 in
1026 3463 1095 3510 me·

115 3534 188 3609 tidie
203 3544 238 3609 δι
252 3536 359 3610 media
371 3540 477 3618 nocie,
502 3542 678 3611 velociores
689 3559 804 3621 crunt3
832 3541 864 3609 in
881 3533 1094 3632 quadraturis,

120 3627 261 3705 livehora
270 3634 357 3707 sexta
367 3637 522 3709 matutina
533 3644 567 3707 &
579 3635 763 3730 vespertina,
772 3633 922 3707 tardiores
933 3657 1031 3727 quam
1042 3629 1093 3703 su·

121 3726 251 3819 perficiar
265 3732 359 3829 globi
378 3732 546 3829 contigua:
574 3738 608 3803 δι
628 3730 672 3803 src
694 3730 774 3804 fluet
788 3733 820 3802 in
836 3733 940 3810 alveo,
956 3728 1094 3803 refluet·

122 3842 179 3914 que
191 3848 242 3925 per
259 3828 347 3935 vices
361 3850 528 3927 perpetuo.
578 3829 635 3900 Ab
650 3828 832 3922 inaequabili
847 3829 931 3903 enim
951 3824 1092 3993 Soliscgt·

663 3928 699 3997 0
982 3946 1030 3996 tra
1065 3926 1093 3994 'r-
