2484 4366
792 114 824 155 ἡ

126 256 194 305 212
284 248 291 261 ·
410 222 836 320 antecessiones
907 224 911 229 '
1060 174 1076 267 l

132 386 181 438 tra
194 386 335 438 centrum
351 364 492 440 ascendet
504 393 572 461 quo
585 366 625 438 ad
638 389 785 439 centrum
797 365 1008 439 descenderat
1020 371 1118 464 priusa'

133 485 230 558 atque
249 468 292 537 ita
310 487 464 563 perpetuo
483 461 681 536 descensu&
700 463 821 536 ascensu
840 465 1059 538 oscillantium
1071 490 1118 562 per

136 560 321 659 cycloidem
346 562 559 659 pendulorum
582 586 754 658 corporum
777 582 887 633 motus
906 564 1118 655 aemulalaitur.

138 663 186 729 Et
198 657 415 740 oscillatiohes,
442 659 465 729 fi
485 663 526 731 ita
545 685 657 731 vocare
668 661 774 738 liceat,
787 662 831 741 *in
845 657 1117 731 omnibus-disten·

137 757 190 827 tiis
206 777 297 828 erunt
310 759 424 853 pariter
442 755 628 828 isochronae.
668 790 674 797 ·
1089 768 1116 813 -'
1148 785 1156 795 ⁶

187 857 286 923 Coroll.
304 864 372 948 (3.)
401 855 455 925 Sin
472 855 630 924 intervalla
643 854 774 944 quotvis
790 853 924 941 minima
941 848 1118 944 hujusmodi

135 944 261 1046 sphaerae
282 954 479 1022 concentrica
498 953 579 1022 inter
602 948 780 1045 superficies
806 950 939 1042 quasvis
965 949 1119 1047 sphaericas

136 1043 317 1144 interposita
335 1070 502 1146 ponantur,
528 1051 559 1119 in
581 1047 700 1140 quibus
719 1070 853 1142 corpora
878 1049 1012 1140 qu-aevis
1036 1043 1118 1117 instat

134 1138 328 1242 planetarum
342 1145 542 1239 quorundam
560 1169 730 1241 parvorum
749 1145 831 1214 circa
848 1154 1003 1217 centrum
1020 1145 1121 1215 inzcir-

138 1242 217 1312 culis
231 1242 408 1322 revolvant,
433 1248 539 1314 Erunt
554 1264 695 1337 tempora
716 1237 885 1336 periodica¹
897 1236 1121 1312 omnium'lau·'

135 1336 276 1429 jusmodi
302 1340 495 1436 planetarum
521 1340 643 1432 ubique
667 1339 809 1429 aqualia.
860 1337 998 1410 Eodem
1022 1340 1120 1434 nempe

135 1438 284 1531 temporis
299 1435 398 1533 spatio
415 1434 584 1533 periodum
598 1437 745 1527 quamvis
761 1434 1038 1531 peragendoquo
1059 1460 1120 1506 cor·

135 1546 196 1627 pus
207 1529 349 1624 quodvis
361 1530 531 1605 demissum
550 1531 777 1604 oscillationem
792 1534 952 1626 integram
967 1557 1012 1602 ex
1030 1535 1077 1604 itu
1094 1537 1119 1602 ἃ

134 1626 244 1701 reditu
258 1628 465 1727 compositam
485 1631 615 1702 obiret:
643 1625 706 1699 hoc
728 1626 785 1706 est,
811 1630 842 1698 in
864 1630 1007 1700 Tellure
1031 1627 1120 1701 nostra

137 1723 236 1822 spatio
261 1725 304 1798 1¹¹.
321 1734 388 1824 24¹.
408 1740 490 1824 3⁶''·
540 1729 607 1800 Uti
627 1751 667 1797 ex
686 1726 774 1822 prius
795 1723 1023 1799 demonstratis
1040 1727 1118 1800 facile

137 1821 276 1896 constare
294 1822 407 1923 potest.
910 1828 913 1833 ’

184 1920 344 1994 Scholium.
394 1920 584 1994 Notandum
596 1941 704 1992 autem
720 1918 899 2018 superficies
913 1919 989 1992 istas
1003 1947 1045 1992 ex
1058 1918 1118 2016 q'ui·

136 2016 194 2090 bus
206 2012 304 2089 solida
314 2022 465 2114 componi
474 2018 689 2185 spppponimus,
704 2041 765 2087 non
778 2015 838 2089 else
851 2041 933 2111 pure
943 2016 1120 2090 Mathema-

136 2115 224 2194 ticas,
249 2115 302 2186 vel
315 2116 416 2186 omnis
428 2141 480 2186 era
506 2115 639 2187 atudinis
653 2135 817 2209 expertes:
846 2112 910 2184 Sed
926 2116 1044 2187 Orbes
1055 2113 1119 2199 adeo

55 2236 60 2246 ·
137 2231 259 2291 tenues,
277 2230 442 2285 uteorum
455 2209 626 2283 crassitudo
639 2209 678 2282 sit
692 2209 786 2281 instar
801 2208 907 2281 nihili.
960 2215 1120 2284 Nimirum

5 2322 8 2327 '
124 2308 166 2379 'in
180 2306 249 2379 casu
265 2306 408 2405 praesenti
421 2311 531 2381 Orbes
541 2308 753 2381 evanescentes
766 2334 807 2378 ex
818 2307 936 2403 quibus
947 2306 1071 2405 sphaera
1078 2308 1118 2379 ul-

125 2405 219 2475 'ti'mo
236 2398 369 2486 constat,
394 2407 452 2478 ubi
465 2408 593 2479 orbium
606 2409 734 2478 illortun
748 2430 897 2476 numerus
917 2428 1070 2503 augetur,
1093 2410 1119 2473 δι

135 2500 307 2575 crallrtudo
321 2502 480 2577 minuitur
492 2507 524 2576 in
543 2505 717 2576 infinitum.
768 2503 922 2575 Similiter
940 2525 1002 2598 per
1016 2503 1121 2600 putida

135 2624 177 2671 ex
190 2602 309 2695 quibus
322 2601 424 2683 lineae,
450 2609 483 2672 δι
502 2601 575 2673 inde
598 2599 777 2698 superficies
799 2605 832 2669 &
851 2595 951 2668 solida
963 2685 965 2690 Ι
977 2599 1120 2697 componi

134 2720 363 2794 nonnunquam
375 2692 746 2793 dicimusintelligendae
758 2696 828 2769 sunt
846 2696 1017 2792 particulae
1027 2720 1123 2790 uqua-

133 2789 176 2865 les
187 2780 429 2962 mpgpptudinis'
438 2795 687 2884 contemnendae.
739 2792 802 2866 Sed
814 2791 884 2864 hac
903 2793 1123 2890 impraesentia-

135 2907 209 2963 rum
242 2919 263 2962 u
289 2894 396 2966 ciant.

120 3180 128 3187 ,
185 3085 460 3208 .1lvvml;¹9⁰·
488 3110 626 3192 ..17052
688 3168 740 3201 ,-
834 3184 846 3199 ,
