2452 4366
211 206 901 315 PHYSltsso-‚MHEMICAE
977 224 1050 310 ιη

60 339 118 427 Ex
127 344 294 453 gravitatil
303 346 390 418 eninr
399 338 577 415 direffione
594 339 703 413 versus
715 362 823 412 centra
835 342 916 413 Solis
926 344 963 412 bc
977 341 1050 415 Pla·

58 466 200 515 netarum
216 442 460 520 primariorum,
482 464 624 512 arearum
633 436 863 535 descriptarum
883 439 1053 533 aequabili-

10 596 12 601 ,
58 563 125 623 tas3
153 546 190 611 δι
211 563 255 611 ex
273 541 438 638 gravitatis
456 539 526 635 lege
548 535 656 610 versus
676 533 734 608 ista
746 558 865 617 centra,
885 536 1051 636 nempeiu

58 636 220 711 distamiae
239 642 361 710 tatione
385 635 547 732 reciproca
565 633 738 734 duplicata,
763 632 870 732 figura
892 632 950 708 ista
977 642 1051 709 Or·

59 736 150 808 bium
166 735 323 831 Elliptica
334 738 418 807 eirca
433 738 554 804 Centra
573 731 629 805 ista
642 734 674 804 in
687 732 867 806 Umbilicis
881 730 984 831 posita
993 756 1052 806 ne·

59 829 193 905 cellario
208 830 376 925 sequitur3
401 833 453 903 uti
476 833 556 903 olim
577 831 597 902 ὲ
628 836 796 903 Nentono
819 829 1052 903 demonstravi·

58 955 142 1011 rnus.
189 928 239 1001 Et
261 925 332 1001 bac
356 926 491 1024 quidem
510 928 540 999 se
560 925 711 1000 haberent
723 951 882 1009 accurate,
903 925 997 1000 srSol
1015 934 1052 999 &
1188 957 1191 961 ·

61 1028 198 1099 Planetae
220 1027 368 1099 Primarii
389 1024 598 1120 quiescerent,
623 1049 727 1119 neque
748 1025 777 1095 se
795 1026 828 1096 in
846 1050 965 1099 mutuo
977 1050 1053 1125 age·

57 1144 142 1196 rent.
191 1126 312 1196 Forent
333 1125 419 1196 enim
436 1123 526 1194 orbes
543 1146 657 1195 eorum
678 1120 718 1193 ad
741 1122 884 1220 rigorem
908 1127 1054 1198 Geome-

57 1224 180 1295 tticum
199 1222 360 1319 Elliptici,
386 1223 492 1294 solem
512 1220 712 1313 Planetasque
730 1221 898 1292 Primarios
913 1224 946 1293 in
962 1226 1053 1296 Um·

56 1319 164 1391 bilicis
179 1314 349 1402 habentem
377 1340 473 1413 atque
499 1343 576 1389 areae
596 1316 762 1416 descriptae
784 1314 881 1389 efferit
906 1341 1053 1403 accurate

61 1416 247 1510 equabiles,
271 1413 340 1488 five
364 1417 564 1515 temporibus
583 1417 845 1513 proportionales.
897 1417 1054 1489 Auiones

59 1535 171 1587 autem
185 1515 267 1587 Solis
287 1519 321 1584 &
333 1515 531 1586 Planetarum
551 1514 583 1584 in
599 1514 629 1585 le
644 1534 762 1584 mutuo
772 1514 956 1613 perexigua
968 1518 1052 1596 lunt,

59 1634 98 1684 ut
110 1611 234 1683 merito
256 1615 417 1683 contemni
438 1608 566 1708 poffrnt.
614 1615 661 1682 Et
680 1632 788 1682 motus
807 1613 1053 1688 Planetarumiu

59 1705 240 1805 Elliplibus
252 1709 336 1779 circa
352 1711 457 1781 Solem
478 1716 512 1780 &
526 1709 695 1779 Prirnarios
707 1708 841 1780 mobiles
853 1735 949 1803 quam
959 1707 982 1780 sr
991 1713 1055 1782 irn-

59 1806 199 1879 mobiles
220 1801 318 1878 ellent
330 1808 434 1879 minus
451 1806 689 1905 perturbantur,
714 1807 763 1876 uti
776 1806 856 1877 olim
870 1807 1054 1879 observavi·

60 1929 146 1977 mus.
199 1899 300 1977 Unde
319 1901 451 2072 plppsrce
474 1900 652 1997 loquendo,
678 1901 860 1999 Propofitio
879 1905 1055 1977 etiamnum

62 2007 154 2075 Vera
171 1998 219 2075 est
243 1998 349 2072 censen
375 2027 403 2073 a.
453 2003 555 2072 Atrio
569 1998 703 2093 quidem
742 2002 813 2071 ovis
835 2001 1054 2074 inSaturnum

61 2095 196 2191 ejusque
224 2120 255 2190 ς.
280 2100 452 2180 Satellites3
481 2105 515 2169 δι
537 2098 664 2169 Saturni
684 2097 852 2266 injovem
865 2097 997 2192 ejusque
1015 2124 1053 2196 4.

10 2272 17 2287 ,
65 2196 296 2268 Satellitesnon
314 2188 362 2266 est
376 2197 508 2267 omnino
527 2216 714 2267 contemnen
738 2221 766 2266 a.
817 2199 906 2287 Cum
930 2191 967 2268 hi
989 2198 1055 2294 pla·

63 2314 146 2365 netae
164 2294 306 2393 ingentes
325 2290 402 2373 sint,
428 2299 463 2363 &
482 2290 522 2364 ad
541 2295 713 2365 maximam
741 2294 760 2364 ὲ
778 2295 848 2364 Sole
874 2290 1055 2369 distantiam

61 2387 173 2488 politi.
224 2388 325 2462 Unde
343 2389 585 2464 attradionibus
607 2390 668 2461 suis
682 2393 804 2463 mutuis
817 2392 902 2463 circa
922 2392 1055 2481 conjun-

40 2566 45 2575 ,
63 2489 187 2559 triones
204 2484 272 2559 suas
283 2484 531 2568 heliocentricas‚
555 2488 600 2558 ob
615 2507 767 2558 motuum
780 2484 959 2558 tarditatem
967 2485 1056 2560 haud

61 2603 164 2683 parvo
172 2584 268 2655 etiam
280 2605 423 2682 tempore
436 2581 593 2666 durantes,
619 2585 812 2677 inaequalites
825 2585 1057 2657 nonnullatam

61 2684 95 2755 iu
113 2681 294 2753 orbitarum
313 2680 425 2779 figuris
444 2707 543 2775 quam
566 2682 597 2752 in
621 2681 763 2753 motibus
784 2682 936 2772 utrinque
950 2683 1056 2753 orien-

62 2800 144 2871 tur:
173 2778 232 2850 vix
240 2801 343 2851 tamen
352 2779 384 2850 in
394 2776 466 2877 ipfis
479 2782 677 2851 Planetarum
690 2776 809 2849 horum
816 2777 1055 2859 primariorum,

63 2872 149 2952 adeo
162 2900 199 2947 ac
212 2876 244 2948 in
258 2878 448 2957 Satellitum,
465 2875 821 2979 praesertimJovialium
828 2873 969 2946 motibus
981 2876 1058 2948 inae·

64 2973 218 3070 qualibus
232 2968 466 3071 dignoscenda.
1021 2974 1023 2977 ’

98 3068 278 3143 Scholr'um.
328 3070 382 3144 Ex
400 3073 455 3147 Cl.
466 3068 624 3144 Newtoni
636 3070 758 3142 calculo
776 3073 823 3143 vis
837 3070 1052 3170 perturbatrix

67 3167 136 3243 five
152 3170 303 3243 Gravitas
316 3171 442 3242 Saturni
457 3171 632 3270 inJovem,
658 3165 704 3240 est
724 3166 765 3239 ad
785 3170 987 3242 Gravitatem
1005 3173 1058 3237 Sa·

67 3266 157 3342 turni
176 3268 208 3338 in
231 3266 348 3347 Solem,
381 3269 465 3339 circa
488 3268 680 3338 Planetarum
701 3263 837 3339 istorum
858 3263 1061 3346 coniundlio·

67 3372 157 3444 uem,
182 3384 221 3437 ut
239 3387 253 3433 1
272 3358 311 3434 ad
326 3388 394 3457 217
415 3363 564 3438 circiter..
581 3367 626 3435 Et
641 3362 850 3437 Gravitatum
859 3363 939 3432 Solis
956 3362 984 3431 in
1003 3365 1058 3433 Sa·

70 3484 218 3542 turnum,
244 3466 279 3530 δι
294 3463 389 3573 Jovis
406 3463 439 3534 in
461 3466 630 3536 Saturnum
652 3459 844 3538 differentia,
870 3457 916 3530 est
933 3455 972 3528 ad
991 3482 1062 3546 gra-

69 3562 205 3633 vitatem
222 3556 315 3673 Jovrs
338 3559 370 3630 in
391 3561 509 3639 Solem,
529 3580 568 3630 ut
594 3556 664 3631 rad
682 3560 779 3653 1867.
835 3557 903 3627 Cui
926 3553 1062 3647 quidem

69 3652 262 3737 differentia
284 3657 524 3754 proportionalis
541 3655 588 3728 est
610 3660 660 3728 vis
683 3658 821 3728 maxima
848 3651 1063 3748 perturbatrix

72 3754 203 3829 Saturni
225 3756 256 3827 in
283 3753 410 3854 Jovem'.
460 3748 562 3827 Unde
589 3754 787 3850 perturbatio
814 3752 901 3823 orbis
928 3754 1064 3855 Jovialis

70 3852 166 3956 lenge
181 3850 287 3933 minor
300 3845 347 3951 est
365 3874 463 3955 quarn
479 3876 514 3955 ea
529 3853 676 3955 saturnii.
725 3850 1064 4020 Reliquomrgaprem

219 3968 435 3993 ¹·
498 3968 734 3992 ······'
874 3967 1123 4033 ·rruru7
