2452 4366
250 208 937 285 PHYSlco-MATHEMATIM.
1011 202 1089 283 zos

93 338 193 413 alano
202 335 426 437 hemispherio
435 335 600 409 dennuni
611 340 759 410 ennmin
773 337 870 409 altero
883 333 1082 436 hemispha-

97 438 149 509 rio
166 436 327 509 excessum
350 434 613 532 compensantem,
644 438 727 508 vites
747 437 878 532 integrae
896 460 989 508 axem
1010 460 1083 507 mo-

100 551 176 605 tura
195 536 375 606 etiamnum
395 534 529 626 aquales
552 532 735 613 manebunt,
759 556 863 625 neque
884 533 980 605 ullam
1001 531 1086 624 ejus·

98 628 168 703 dem
180 629 412 703 titubationem
424 624 574 701 efficient.
624 636 675 701 Ita
695 651 733 702 ut
748 653 850 723 neque
864 653 906 700 ex
923 627 1084 741 supposita

98 728 244 820 inaequali
251 724 311 799 ista
318 725 485 799 altitudine
498 744 553 798 aut
564 724 716 799 densrtatc
729 727 903 799 Titubatio
917 752 983 799 axrs
996 732 1083 802 Gre-

98 826 225 921 goriana
246 825 316 899 ullo
328 820 430 895 modo
448 821 607 917 sequatur.
657 823 849 921 Respondeo

98 954 103 961 ·
142 928 217 1018 (4.)
249 921 284 993 si
302 920 398 1017 ipsam
411 921 508 993 etiam
529 922 596 992 axis
611 917 764 992 terrestris
779 920 1005 993 titubationem
1017 918 1083 993 dis·

101 1017 231 1113 putandi
249 1019 353 1115 gratia
365 1016 628 1114 'supponeremus
653 1041 757 1110 neque
777 1014 819 1089 sac
839 1017 970 1114 scopum
988 1018 1083 1091 suum

97 1117 267 1214 -ntingeret
285 1116 478 1211 Gregorius.
528 1116 645 1186 Talem
672 1117 757 1186 enim
780 1112 838 1185 iste
856 1114 1084 1188 titubationem
1118 1157 1122 1164 ·

97 1211 248 1325 supponit
276 1212 379 1305 qualis
401 1212 433 1284 in
456 1208 660 1284 solstitiorum
685 1236 750 1283 uno
774 1208 814 1283 ad
838 1211 1009 1284 minimum
1034 1214 1084 1285 in·

101 1309 273 1381 tlrnationis
294 1309 448 1405 angulum
472 1306 766 1388 axemreduceret,
792 1314 826 1378 δι
850 1305 891 1379 ad
906 1309 1084 1380 maximum

99 1404 258 1479 baltero.
307 1409 362 1477 Ex
379 1406 539 1502 principiis
556 1427 663 1478 autem
679 1405 836 1479 Newtoni
856 1405 941 1501 prius
960 1402 1084 1501 posrtis,

96 1524 170 1597 quae
185 1510 221 1574 &
233 1498 332 1600 ipsius
338 1504 497 1599 ,Gregorii
506 1500 575 1573 sunt
588 1505 702 1601 pariter
714 1503 886 1599 principia,
900 1499 1085 1596 sequeretur

91 1602 277 1671 maximum
291 1601 500 1673 inclinationis
512 1601 578 1671 axis
596 1602 748 1710 angulum
765 1599 835 1671 fore
858 1603 889 1670 in
906 1601 1085 1672 ouantibus

93 1694 169 1793 post
182 1694 361 1770 Nodorum
372 1696 532 1795 syzygias,
552 1702 586 1766 δι
597 1697 768 1789 minimum
781 1699 812 1767 in
824 1696 1001 1768 ouantibus
1011 1695 1084 1794 post

94 1791 273 1865 eorundem
288 1793 490 1885 quadraturas
502 1818 513 1877 3
540 1793 649 1873 itaut,
673 1789 765 1885 quod
785 1795 872 1887 prius
885 1790 1038 1873 diximus,
1052 1796 1085 1865 in

99 1884 175 1987 ipsas
185 1888 325 1962 solstitiis
347 1888 489 1983 utrisque
506 1891 586 1962 inter
603 1892 780 1961 maximum
798 1896 831 1960 &
846 1890 1017 1960 minimum
1031 1914 1085 1962 an·

99 1990 216 2084 gulum
229 1987 351 2080 ubique
366 1985 559 2058 intermediis
577 1988 661 2058 nulla
675 1989 764 2083 plane
780 1986 887 2085 anguli
907 1987 1085 2058 inclinatio·

92 2084 291 2156 uisvarietas
308 2080 348 2154 srt
368 2082 569 2181 expedenda.
620 2081 721 2156 Unde
742 2107 886 2177 quoque,
932 2080 1000 2155 uod
1012 2084 1085 2155 obi·

103 2198 153 2250 ter
163 2177 211 2252 est
227 2177 431 2260 Notandum,
447 2179 551 2278 &ipse
567 2177 785 2260 Flamsledius,
801 2187 834 2251 &
847 2108 985 2255 eundem
996 2177 1085 2253 secu·

105 2295 153 2349 tus
164 2279 234 2351 Gre
257 2278 343 2369 orius
354 2298 454 2351 errant
465 2279 606 2361 omnino,
621 2276 702 2351 dum
715 2281 924 2350 mutationem
938 2281 1016 2358 axis,
1029 2281 1085 2352 cui

107 2376 184 2467 nq'
264 2371 703 2474 iorumpraeceffiodebetur‚
729 2377 830 2447 ullum
845 2373 1085 2448 hiclocumha·

108 2466 174 2543 bete
189 2470 375 2569 supponant.
425 2470 616 2566 Respondeo

152 2573 222 2659 (5.)
252 2569 286 2639 si
298 2566 437 2662 denique
453 2567 549 2665 ipsam
566 2571 632 2641 axis
647 2570 861 2649 nutationcm,
888 2575 922 2641 &
942 2591 1084 2666 tempore

112 2682 171 2753 quo
185 2664 258 2737 vult
270 2667 461 2763 Gregorius,
487 2670 522 2736 &
535 2667 678 2763 inpartes
691 2667 730 2737 ab
742 2692 781 2737 eo
797 2663 955 2763 assignatas
969 2666 1004 2738 su
1026 2691 1086 2762 po·

112 2778 172 2833 utre
184 2764 331 2860 placeret,
354 2764 570 2834 Inclinationis
584 2765 741 2856 quantitas
754 2764 847 2858 longe
867 2765 971 2833 minor
1005 2784 1085 2844 oret,

114 2875 199 2947 quam
218 2880 257 2931 ut
277 2860 444 2956 parallaxin
468 2857 724 2931 Flamstedianam
750 2861 834 2955 potis
850 2855 926 2929 esset
947 2855 1085 2935 efficere.

116 2950 228 3029 Demus
236 2959 512 3069 (Jregoriprem
521 2977 611 3028 terrae
619 2958 787 3067 quotannis
798 2953 948 3068 osqillari3
975 2956 1090 3032 demus

117 3052 1088 3248 ll}sasss‘lffillllnllsssllsssslsill?

120 3262 240 3340 naquae
256 3246 327 3318 fieri
340 3246 444 3344 potest
456 3245 635 3320 differentia
655 3249 787 3319 oriatur.
814 3252 1013 3338 Quantillula
1026 3251 1087 3320 erit

120 3330 413 3423 hecdilserentiolal
429 3349 556 3439 Nempe
565 3370 606 3416 ex
614 3345 738 3416 calculo
749 3347 828 3418 olim

119 3432 248 3513 adhibito
264 3440 384 3513 constat
399 3441 625 3514 oscillationem
640 3443 725 3513 illam
732 3468 824 3540 gran-
917 3432 937 3481 Ρ
938 3423 1025 3486 '⁴1²3’
1046 3429 1087 3480 Α·

121 3526 278 3611 diusculum
294 3541 526 3637 (comparative
543 3540 674 3632 loquor)
695 3563 736 3610 ex
754 3542 825 3612 alti·
865 3501 1068 3580 pronamque.

123 3630 215 3708 udbe
238 3634 372 3709 sensibili
396 3639 482 3710 mille
504 3634 649 3735 passuum
667 3636 756 3730 quast
781 3663 834 3730 17,
858 3661 922 3730 qua
942 3632 1089 3710 semidia-

127 3736 387 3828 nuaequatoris
406 3758 497 3806 axem
518 3733 694 3807 dimidium
716 3732 837 3828 superat
851 3754 933 3812 orta,
959 3731 998 3805 ad
1017 3757 1089 3831 par-

126 3836 307 3947 lfmtantum
327 3835 420 3907 unius
438 3832 556 3907 minuti
576 3831 705 3904 secundi
725 3832 862 3926 aliquam
887 3827 1088 3943 assurgebam
1171 3824 1176 3833 ’

301 3946 305 3955 ·
333 3946 337 3955 ·
376 3946 379 3955 ·
737 3942 739 3947 ·
782 3958 786 3969 ·
1032 3954 1089 4003 cur
