2484 4366
232 204 941 281 rnrarco-MATHEMATJM.
1077 223 1113 303 tt

169 326 353 405 Sdtolium.
377 330 544 404 problema.
591 332 688 403 Datis
702 329 889 426 corporibus
904 325 1035 405 duobus,
1059 329 1109 399 in-

108 430 302 522 aequalibus
319 429 459 526 perfecie
480 428 612 502 clasticis
632 427 691 501 srbi
710 427 831 500 directe
856 424 1110 506 occurrentibus,

111 548 269 618 quortun
285 548 474 622 utrumque,
498 530 552 601 vel
566 530 699 600 alterum
719 547 843 598 tantum
853 547 1033 604 moveatur,
1051 523 1108 599 da·

112 642 219 718 taque
244 622 409 723 utriusque
434 626 603 705 celeritate,
627 628 680 697 vel
692 621 825 699 uniusst
845 624 979 698 alterum
1001 621 1108 718 quies,

112 742 182 802 cat,
210 723 354 794 invenire
365 725 536 796 celeritates
559 724 678 817 quibus
699 743 831 815 utraque
850 719 922 817 post
938 720 1109 795 occursum

114 817 279 892 ferentin.
327 821 396 895 Fiat
412 823 563 895 nimirum
580 843 617 893 ut
630 826 760 895 Summa
773 826 842 891 Cor
887 844 971 900 rum,
995 816 1111 891 addu-

117 918 216 1015 plum
232 919 374 1014 corporis
386 917 526 1001 secundi,
552 921 595 991 ita
605 919 742 992 celeritas
754 941 826 989 acce
850 915 924 989 endi
936 915 1110 1014 respectiva

118 1013 214 1104 data,
233 1011 278 1085 ad
289 1016 479 1089 celeritatem
491 1021 629 1089 alteram.
677 1018 855 1110 ijfferemia
873 1016 953 1087 inter
965 1012 1046 1086 hanc
1058 1015 1110 1087 ul·

120 1116 210 1198 timo
222 1133 379 1208 repertam
393 1117 596 1195 celeritatem,
610 1121 643 1185 δι
656 1114 847 1184 celeritatem
861 1115 1003 1209 corporis
1015 1113 1112 1210 primi

129 1231 201 1289 ante
219 1209 401 1306 impulsum,
425 1213 497 1307 (vel
512 1237 578 1284 uno
592 1210 662 1283 casu
679 1235 786 1283 earum
790 1212 918 1304 stamma
933 1211 989 1281 ubi
1000 1233 1112 1306 nempe

131 1330 249 1403 corpus
267 1309 555 1404 primuminmotu
590 1307 1114 1391 raecedit)dabitceleritatemcor-

129 1406 219 1504 poris
242 1406 338 1501 primi
362 1405 432 1503 post
452 1420 553 1480 occur'
565 1433 640 1483 um:
666 1431 730 1501 qur
753 1405 912 1478 celeritate
934 1431 975 1479 ex
992 1404 1115 1502 integra

129 1504 293 1576 celeritate
309 1503 479 1602 respedliva
491 1502 562 1578 data
575 1504 683 1585 ablata,
709 1500 833 1574 refidua
846 1505 906 1575 erit
919 1504 1057 1575 celeritas
1070 1498 1115 1571 sc·

130 1597 233 1673 cundi
248 1598 320 1696 post
336 1601 516 1675 occursum.
565 1605 692 1699 Regula
703 1621 809 1675 autem
821 1597 879 1671 hac
892 1598 1048 1677 methodo
1059 1597 1118 1670 de·

134 1693 337 1771 monstratur.
385 1701 546 1772 Velocitas
562 1701 657 1796 primi
676 1696 747 1795 post
764 1695 933 1769 occursum
949 1699 1011 1769 erit
1027 1698 1118 1769 velo·

133 1796 241 1867 citatis
258 1795 354 1894 primi
367 1816 436 1868 ante
461 1796 643 1875 occursum,
665 1793 890 1867 &velocitatis
915 1796 1045 1891 integrae
1069 1817 1120 1862 re-

134 1891 285 1990 speuivae
306 1888 497 1977 differentia,
522 1894 581 1966 ubi
609 1919 665 1964 ror
687 1916 742 1963 ora
771 1892 903 1984 aequalia
974 1910 1117 1972 nuntur3

137 1991 184 2063 ita
202 2009 240 2059 ut
258 1987 377 2061 summa
397 1989 569 2090 corporum
593 1989 632 2063 fit
653 1917 755 2088 duplo
770 1989 900 2086 corpori
932 1984 1057 2060 ectmdo
1077 2011 1121 2056 ae-

167 2086 261 2168 uali33
288 2108 326 2157 ut
345 2112 386 2161 ex
409 2090 478 2189 lege
508 2115 560 2185 14.
581 2089 695 2183 liquet.
746 2093 837 2158 Patet
863 2088 971 2179 itaque
991 2109 1121 2156 omnem

137 2111 362 2262 differentiam,
372 2183 439 2258 ,hoc
454 2185 512 2267 est,
525 2206 651 2257 motum
660 2182 800 2282 corporis
815 2184 909 2280 primi
922 2181 992 2280 post
1006 2209 1123 2256 occur-

138 2280 223 2361 sum,
248 2277 457 2356 ddifferentia
474 2283 604 2354 summa:
627 2307 799 2379 corporum
819 2287 853 2352 δι
872 2279 964 2377 dupli
982 2280 1123 2375 corporis

139 2376 274 2451 secundi
293 2379 383 2461 oriri,
413 2378 582 2472 eidemque
604 2379 736 2476 proinde
758 2373 818 2449 elle
846 2379 1124 2477 proportionalem.

139 2473 247 2587 Qud
265 2474 360 2548 'illud
383 2472 485 2576 ipsum
506 2475 552 2548 est
580 2475 672 2570 quod
696 2475 841 2574 supponit
869 2475 998 2573 prasens
1023 2476 1126 2548 analo-

194 2672 258 2743 Ex.
275 2694 325 2766 gr.
344 2673 523 2745 Moveatur
543 2673 672 2765 Corpus
695 2671 836 2769 primum
853 2665 1002 2742 dextram
1020 2667 1127 2741 versus

147 2765 309 2840 celeritate
324 2771 463 2863 partium
479 2768 544 2847 sex,
570 2774 604 2841 δε
617 2765 793 2841 secundum
813 2768 845 2838 in
863 2789 983 2863 partem
1003 2785 1131 2843 contra·

143 2864 225 2936 riam
243 2864 400 2952 celeritate
436 2868 552 2941 artium
565 2885 729 2958 quatuor3
758 2858 797 2933 stt
810 2861 905 2935 etiam
919 2869 1047 2958 Corpus
1064 2861 1130 2960 pri·

143 2986 238 3035 mum
250 2966 392 3057 corporis
403 2891 533 3037 dicundi
545 2959 781 3058 quadruplum:
808 2960 882 3033 Erit
893 2961 994 3059 igitur
1009 2959 1131 3039 veloci·

144 3079 190 3129 tas
211 3055 385 3153 respectiva
400 3056 570 3133 accedendi
584 3079 652 3129 ante
674 3054 843 3131 occursum
858 3062 997 3155 partium
1019 3055 1133 3135 decem

146 3165 232 3250 64-
246 3180 272 3248 4
288 3188 329 3227 2:
345 3181 403 3242 103
431 3165 465 3229 δι
488 3161 673 3253 Corporum
699 3155 820 3228 summa
845 3157 907 3229 erit
926 3159 1065 3254 partium
1088 3177 1103 3242 5
1121 3181 1130 3222 a

147 3253 225 3323 Erit
234 3275 315 3348 ergo
325 3275 362 3324 ut
380 3262 509 3328 Summa
525 3257 710 3348 Corporum
724 3285 764 3324 ε
782 3273 797 3341 5
818 3253 857 3324 ad
871 3251 1007 3350 duplum
1019 3274 1135 3346 corpo-

147 3348 192 3419 tis
218 3345 407 3426 secundi:
427 3378 459 3424 2.
516 3356 567 3422 Ita
586 3350 751 3422 Velocitas
767 3347 940 3445 respediva
957 3351 1077 3444 integra
1094 3376 1136 3418 z

155 3531 212 3580 10.
274 3504 314 3578 ad
340 3471 466 3567 Q
480 3535 577 3606 :42
605 3506 711 3601 Cujus
721 3509 898 3583 velocitatis
913 3515 947 3587 ¹&
961 3507 1139 3595 velocitatis¹

152 3668 248 3763 primi
264 3688 332 3738 ante
352 3666 522 3741 occursum
537 3664 767 3752 differentia:
779 3694 810 3744 2.
834 3667 925 3744 dabit
936 3669 1140 3740 velocitatem

153 3765 249 3860 primi
261 3763 335 3862 ¹post
347 3764 529 3841 occursum.
581 3765 683 3841 Unde
698 3770 840 3841 celeritas
855 3764 986 3845 secundi
1001 3765 1073 3866 poll
1085 3790 1143 3837 oc·

149 3860 501 3973 eursumeritprrtium
520 3887 572 3938 12.
619 3871 767 4035 &Ji
830 3922 842 3931 ..
1051 3929 1121 4030 ,ς

189 3982 191 3987 “
754 3988 762 4007 ⁴
798 3989 811 4060 Ξ
1091 3980 1144 4028 ·m
