2452 4366
218 204 905 279 Pmsrco-MATHEMATJM.
979 198 1049 281 281

101 330 172 405 Ob
191 326 441 424 aequabilitatem
451 332 537 403 enirn
548 355 691 404 arearum
705 333 790 405 circa
806 331 902 405 solem
914 330 1054 433 descrip-

53 450 179 511 tarum,
205 431 290 501 vires
308 426 359 501 hae
379 426 421 501 ad
439 430 546 501 Solem
562 428 709 502 tendunt.
757 434 805 501 Et
824 429 868 501 ob
889 434 1057 529 Tempora

54 526 236 599 Periodica
256 528 289 598 in
309 528 430 599 ratione
453 524 674 599 distantiarum
695 526 818 620 ubique
844 527 1055 624 sesquialtera,

56 624 202 698 Vinium
213 626 387 705 'Quantitas
402 621 450 695 est
466 623 589 717 ubique
604 624 636 695 in
655 623 816 721 duplicata
832 622 1054 700 distantiarum

56 721 173 795 lSole
196 724 320 793 ratione
348 723 540 817 reciproca3
574 724 624 793 uti
648 722 728 793 olim
756 719 1053 799 demonstravimus.

56 823 130 890 Pars
140 820 249 891 etiam
262 818 395 891 secunda
406 817 501 910 hujru
515 816 742 915 propositionis
754 818 983 893 accuratillrme
995 821 1054 894 de·

56 915 261 989 monstratur
276 939 332 1014 per
351 914 489 1012 figuram
503 916 645 989 orbium.
696 918 824 989 sienim
840 919 974 992 Planetae
983 942 1055 991 mn·

54 1034 217 1085 verentur
235 1014 321 1084 circa
336 1014 443 1087 Solem
457 1015 488 1085 in
503 1015 671 1111 spiralibus
684 1010 787 1084 radios
803 1015 924 1089 indato
938 1016 1056 1115 angulo

54 1106 251 1190 secantibus,
263 1112 344 1183 vires
357 1113 538 1207 centripetae
549 1108 645 1183 ellent
657 1115 689 1182 in
701 1106 920 1184 distantiarum
935 1118 1056 1187 ratione

56 1210 237 1309 triplicata,
260 1210 313 1280 vel
333 1230 372 1279 ut
386 1208 480 1281 Cubi
496 1206 714 1281 distantiarum
726 1210 899 1304 reciproce.
950 1213 984 1283 Si
996 1237 1055 1283 au·

59 1328 127 1381 tem
142 1327 359 1378 moverentur
375 1307 408 1377 in
425 1303 598 1401 Elliplrbus
610 1327 715 1379 centra
729 1305 784 1377 sua
804 1308 834 1377 in
848 1308 929 1379 Solis
947 1329 1057 1379 centnn

59 1402 271 1484 habentibus,
288 1405 384 1477 Vires
395 1404 578 1500 centripetae
589 1401 685 1475 ellent
702 1405 732 1475 in
752 1405 814 1499 ipla
834 1401 1056 1477 distantiarum

61 1502 186 1574 ratione
201 1498 334 1572 directa.
363 1505 453 1573 Cum
466 1523 573 1573 autem
588 1523 778 1573 moveantur
789 1525 897 1573 omnes
909 1504 942 1574 in
950 1503 1055 1600 Ellip·

62 1594 151 1670 srbus
170 1597 361 1671 Umbilicos
377 1598 448 1670 suos
466 1600 500 1669 in
518 1600 597 1670 Solis
614 1620 724 1671 centro
736 1595 933 1675 habentibus,
959 1601 1008 1672 uti
1021 1623 1055 1673 a·

60 1694 129 1809 pud
146 1692 363 1767 Albunomos
380 1697 413 1767 in
432 1693 572 1767 confello
585 1693 644 1776 est,
667 1697 751 1767 vires
762 1697 942 1794 centripetae
962 1716 1057 1768 erunt

63 1818 95 1865 ιιι
109 1792 240 1865 ratione
251 1790 471 1865 distantiarum
484 1789 531 1864 du
553 1794 645 1866 licata
658 1794 830 1888 reciproca.

109 1886 221 1979 Qod
233 1890 329 1961 etiam
343 1888 512 1962 certiffime
524 1817 759 1962 iemonstratur
771 1912 826 1986 per
841 1885 1057 1984 Apheliorum

61 1988 225 2081 quietem.
276 1988 352 2059 Ubi
369 1989 455 2058 enim
469 1989 550 2058 ratio
565 1985 635 2058 haec
652 1988 813 2085 reciproca
828 1983 989 2082 duplicata
1000 2010 1054 2056 ac·

60 2102 176 2155 curate
186 2082 326 2164 obtinet,
349 2084 517 2177 quiescunt
537 2084 693 2182 Aphelia:
725 2084 783 2156 ubi
796 2084 878 2154 ratio
895 2079 934 2155 ad
952 2082 1055 2179 tripli·

62 2200 169 2253 catam
185 2182 308 2292 vergit,
333 2179 613 2278 progrediuntur:
640 2182 697 2255 ubi
716 2178 756 2253 ad
770 2178 947 2277 simplicem
959 2181 1056 2251 ratio·

62 2300 135 2351 nem
147 2276 290 2358 accedit,
316 2277 572 2375 Regrediuntur.
597 2280 700 2377 Quies
713 2281 822 2372 itaque
840 2275 1056 2375 Apheliorum

63 2374 92 2447 in
104 2374 247 2447 Planetis
262 2376 421 2447 Ptimariis
435 2373 555 2448 indicio
569 2374 617 2447 est
627 2379 697 2449 vim
713 2377 917 2472 centripetam
929 2372 990 2447 else
1002 2399 1055 2448 ac·

61 2492 176 2547 curate
190 2472 356 2544 iuratione
371 2470 587 2545 distantiarum
604 2471 954 2570 duplicata-reciproca.

105 2572 300 2643 Lxxvu.
326 2570 420 2642 Vires
432 2571 553 2662 quibus
577 2572 711 2642 Planetae
731 2568 999 2660 Circumjoviales
1019 2574 1055 2641 δι

58 2665 334 2742 Circumlaturnii
358 2688 397 2762 pe
452 2690 512 2739 tuo
524 2666 727 2739 retrahuntur
744 2667 918 2738 lmotibus
936 2668 1057 2738 rectili-

59 2766 140 2847 ntis,
154 2772 194 2836 δε
209 2762 386 2836 inorbibus
411 2766 460 2835 uis
469 2767 656 2844 retinentur,
666 2764 837 2860 respiciunt
845 2766 1056 2866 centrumJo·

58 2866 106 2937 vis
127 2857 333 2934 &centrum
349 2864 474 2933 Saturni
492 2861 663 2957 respefflve
669 2888 681 2943 3
709 2866 744 2931 δι
754 2860 826 2931 ¹sunt
837 2861 999 2957 reciproce
1014 2879 1055 2932 ut

58 2958 225 3057 quadrata
234 2956 454 3030 distantiarum
467 2958 506 3029 ab
519 2956 630 3031 iisdem
643 2957 768 3030 centris.
1124 2964 1127 2968 ’

107 3058 179 3131 Ob
200 3055 447 3149 aquabilitatem
460 3081 601 3127 arearum
615 3058 699 3128 circa
717 3074 821 3127 centra
836 3056 929 3161 Jovis
946 3063 981 3128 δι
1000 3062 1056 3129 Sa-

56 3155 150 3231 turni
171 3154 346 3251 respeffive
364 3151 605 3248 descriptarum,
619 3156 704 3226 vires
723 3150 773 3224 hae
787 3152 828 3225 ad
843 3177 949 3226 centra
963 3154 1057 3253 Jovis

59 3262 93 3329 δι
112 3252 251 3325 Saturni
266 3248 410 3323 tendunt.
461 3255 506 3322 Et
522 3249 566 3321 ob
577 3254 743 3345 Tempora
759 3250 924 3323 Periodica
937 3252 969 3320 in
981 3249 1057 3321 rati·

55 3378 119 3425 0ne
139 3344 367 3421 distantiarum
384 3349 528 3420 acentris
548 3350 636 3445 lovis
655 3355 688 3421 &
707 3350 831 3420 Saturni
850 3345 1056 3439 sesquialtera,

58 3451 192 3523 virium
203 3446 361 3538 quantitas
381 3443 429 3517 est
446 3446 568 3537 ubique
590 3448 625 3518 in
645 3447 766 3517 ratione
782 3441 999 3516 distantiarum
1016 3444 1058 3515 ab

57 3546 129 3621 istis
141 3542 264 3619 centris
277 3541 437 3639 duplicata
448 3545 620 3640 reciproca.
671 3547 763 3616 Cum
782 3563 888 3615 autem
904 3541 1065 3623 Satellitts

58 3639 337 3731 Circumjoviales
352 3647 386 3711 &
402 3640 668 3713 Circumlaturnii
682 3640 713 3710 in
728 3641 853 3711 circulis
869 3660 924 3710 aut
939 3636 1058 3738 ellipli·

58 3740 121 3815 bus
137 3744 158 3813 a
172 3740 301 3811 circulis
314 3734 400 3810 haud
414 3736 483 3813 satis
499 3735 684 3811 sensibiliter
699 3733 832 3808 diversis
854 3759 1057 3821 moveantur,

59 3838 144 3957 ΙιἰΙιιι
157 3860 203 3917 ex
220 3834 349 3911 orbium
361 3833 466 3939 figura
480 3834 590 3909 inferri
607 3829 723 3934 potest.
774 3839 848 3917 Nec
868 3834 1058 4005 proinplefipn

132 3945 140 3958 '
894 3942 953 4031 Ap
974 3956 993 4004 e
