2452 4366
232 206 925 283 PHrslcosMATHEMATIM.
1024 230 1091 310 ²57

91 358 168 417 tem
187 344 220 415 in
241 357 313 415 aere
333 336 583 430 &hujumodi
600 337 713 411 mediis
735 338 774 411 fit
788 339 853 413 fere
869 344 902 412 in
914 345 1092 415 velocitatis

91 445 218 513 ratione
231 438 412 536 duplicata,
436 440 559 531 Liquet
577 438 812 510 oscillationum
833 460 976 536 tempora
994 444 1090 513 etiam

95 540 132 610 in
150 535 331 637 Cycloide,
361 542 398 607 δι
422 538 528 607 multo
549 536 646 606 etiam
672 539 773 633 magis
800 538 832 607 in
859 541 1009 620 Circu10,
1035 564 1089 634 per

93 658 196 707 aerem
216 658 284 706 non
304 628 412 705 essein
428 630 561 704 diversis
581 633 716 704 arcubus
730 636 853 729 penitus
872 639 1003 727 aequalia
1009 663 1021 718 ς
1036 634 1090 707 sed

91 732 123 803 in
139 731 336 825 majoribus,
360 728 405 800 ob
418 728 623 801 resistentiam
640 732 782 811 nimiam,
807 733 902 827 paulo
912 735 1040 824 majora.

139 833 252 901 coram
271 840 287 915 (
292 839 344 915 2.)
374 828 463 899 Hinc
488 826 632 919 sequitur
653 825 693 898 ad
719 832 932 920 aequalitatem
959 851 1086 928 tempo·

91 952 168 999 rum
191 928 226 998 in
239 924 417 1022 horologiis
432 926 628 997 oscillatoriis
646 926 767 1021 optime
785 926 989 1000 obtinendam
1009 952 1089 1024 opus

92 1021 171 1105 effe,
190 1044 229 1096 ut
241 1021 380 1123 pendula
395 1021 522 1094 eosdem
546 1045 636 1093 arcus
652 1023 771 1118 semper
788 1020 989 1097 describant:
1016 1028 1088 1098 alias
1111 1098 1114 1104 ,

95 1120 141 1193 ob
159 1121 352 1214 inaequalem
372 1121 596 1199 velocitatem,
629 1119 688 1191 ubi
714 1142 803 1190 arcus
819 1120 952 1209 majores
972 1120 1090 1196 descri-

93 1235 158 1301 tur,
191 1214 338 1300 tardius3
366 1216 425 1288 ubi
452 1219 599 1296 minores,
624 1217 757 1289 celerius
779 1213 866 1306 justo
888 1214 945 1288 fiet
965 1240 1086 1292 motus·

96 1313 198 1389 Unde
212 1316 315 1387 etiam
327 1312 415 1384 causa
429 1310 552 1385 ostendi
568 1312 683 1410 potest,
708 1334 822 1410 praeter
851 1322 1088 1387 automatorum

96 1408 289 1487 ſtructuram
308 1413 414 1482 minus
438 1409 624 1507 perfedam,
649 1436 746 1504 quare
765 1412 948 1508 Horologia
968 1411 1088 1503 majora

95 1505 119 1583 b
136 1510 219 1583 navi
240 1507 440 1580 collocata&
452 1505 518 1578 huc
538 1507 616 1578 illuc
630 1506 744 1598 jadata
765 1531 826 1577 non
844 1506 924 1579 adeo
944 1532 1090 1583 accurate

94 1630 127 1680 ac
146 1607 247 1681 domi
263 1605 418 1677 manentia
430 1608 465 1676 δε
478 1607 511 1676 in
525 1606 634 1696 quiete
642 1602 743 1700 posita
755 1600 846 1674 horas
861 1602 1088 1680 demonstrant.

93 1704 157 1777 Ob
175 1699 414 1775 concussionem
426 1703 511 1773 enim
521 1700 723 1796 frequentem
743 1724 831 1772 arcus
848 1725 931 1774 nunc
942 1705 1087 1793 majores,

91 1822 180 1874 nunc
197 1803 338 1872 minores
360 1798 602 1872 describuntur:
629 1795 753 1869 &inde
780 1802 930 1895 temporis
946 1802 1089 1894 inaequaz

91 1898 163 1971 sitas
184 1898 336 1969 nonnulla
351 1892 520 1968 necessario
538 1896 755 1988 consequitur.

139 1998 250 2066 corotl.
269 1994 340 2091 (ς.)
366 1994 590 2065 Oscillationes
608 1991 770 2064 breviores
786 1988 851 2065 sive
866 1993 898 2064 in
920 1995 1086 2091 Cycloide

91 2090 164 2165 five
182 2093 215 2161 in
232 2091 369 2163 Circulo
390 2090 460 2162 sunt
484 2094 585 2187 magis
602 2087 775 2161 isochronae
793 2115 891 2184 quam
905 2093 1083 2190 longiorem

91 2188 137 2260 ob
159 2188 318 2259 minorem
334 2211 445 2285 nempe
456 2188 556 2258 medii
574 2187 784 2281 perturbantis
796 2184 1020 2262 resistentiam:
1049 2197 1087 2262 du

91 2280 285 2359 brevissimae
308 2283 419 2358 iisdem
441 2284 639 2379 temporibus
655 2306 850 2383 peraguntur
866 2312 902 2356 ac
924 2289 955 2358 in
974 2285 1086 2359 medio

92 2406 159 2455 non
189 2376 352 2455 resistente
376 2382 661 2548 quamproxime:
688 2382 759 2453 ubi,
772 2382 867 2453 etiam
890 2385 1029 2482 syclois
1049 2391 1086 2456 δι’

92 2481 250 2555 circulus
266 2482 355 2579 plane
374 2478 481 2550 coinci
505 2498 575 2557 unt,
601 2475 666 2548 five
682 2476 712 2549 se
731 2500 850 2550 mutuo
864 2494 998 2575 tangunt
1014 2508 1023 2551 ι
1049 2487 1086 2555 δε

91 2577 303 2651 oscillationes
321 2578 354 2648 in
372 2574 496 2648 circulo
516 2576 574 2647 vix
591 2571 748 2647 differunt
762 2576 802 2646 ab
818 2576 854 2645 iis
866 2600 940 2668 quae
954 2576 1038 2649 siunt
1052 2579 1086 2648 in

135 2671 258 2747 tioide.
308 2670 410 2747 Unde
425 2673 521 2744 etiam
537 2670 705 2770 horologia
718 2669 905 2743 oscillatoria
921 2696 996 2765 quae
1005 2696 1087 2768 pen«

116 2774 171 2847 ulo
182 2770 332 2869 longiore
345 2770 562 2868 gubernantur
580 2771 757 2842 accuratius
769 2770 875 2840 multo
886 2766 978 2840 horas
997 2766 1083 2839 indi-

92 2891 160 2943 tant
175 2890 280 2963 quam
292 2890 329 2939 ea
345 2890 419 2961 quae
441 2868 582 2940 breviori
596 2867 783 2964 alligantur3
810 2880 974 2962 propterea
990 2864 1085 2959 quod

94 2990 178 3040 arcus
191 2968 290 3063 longe
307 2966 442 3037 minores
459 2963 498 3036 ab
520 2965 558 3036 iis
573 2961 808 3036 describuntur,
860 2967 987 3037 Earum
1003 2989 1083 3037 vero

93 3062 326 3137 oscillattionum
337 3086 411 3172 quae
434 3063 466 3134 in
490 3061 662 3152 majoribus
680 3062 816 3133 arcubus
835 3058 919 3134 fiunt
938 3082 1084 3158 tempora

94 3156 162 3233 sunt
179 3162 280 3259 paulo
297 3174 428 3250 maiora,
459 3157 616 3251 eoquod
640 3156 812 3232 resistentia
836 3161 991 3256 corporis,
1016 3171 1082 3250 qua

94 3273 218 3353 tempus
230 3254 437 3355 producitur,
462 3253 564 3346 major
578 3252 618 3327 fit
627 3275 685 3351 pro
695 3258 816 3330 ratione
829 3253 1037 3351 longitudinis
1049 3255 1083 3324 in

93 3336 241 3427 descensu
255 3350 435 3451 descriptae,
462 3353 523 3436 (ob
537 3351 689 3444 majorem
705 3377 817 3450 nempe
842 3353 1078 3438 velocitatem)

93 3470 192 3545 quam
201 3449 375 3524 reststentia
385 3452 416 3522 in
428 3447 552 3521 ascensu
564 3447 776 3542 subsequenti,
791 3473 855 3543 qua
867 3470 992 3545 tempus
1004 3472 1081 3518 cond

93 3546 242 3623 trahitur.
292 3547 406 3621 Sed&
424 3569 550 3713 tempus
564 3545 807 3627 oscillationum,
831 3567 899 3617 tam
915 3545 1079 3624 brevium,

91 3666 188 3739 quam
205 3648 371 3749 longartun
392 3647 487 3714 nonni
513 3645 536 3714 il
562 3642 700 3740 produci
726 3642 856 3716 videtur
876 3666 932 3738 per
953 3664 1081 3719 motum

92 3742 204 3816 medii.
255 3746 343 3816 Nam
366 3742 568 3837 Corporibus
587 3739 832 3812 tardescentibus
853 3740 950 3836 paulo
974 3743 1080 3813 minus

91 3836 248 3917 resistitur
266 3861 326 3943 pro
346 3840 467 3915 ratione
485 3840 677 4003 velocitati?
703 3846 737 3911 δε
756 3836 944 3937 corporibus
961 3840 1082 4007 accrealpi}
