2452 4366
274 130 962 235 PflrslcbssMAmEMATlM.
1036 157 1104 259 aa,

113 292 145 365 vi
156 288 342 391 urgebitur
347 316 361 375 3
376 296 411 362 δὲ
423 290 705 460 orhnesffiticulae
716 309 849 361 mutuos
860 302 992 361 conatus
1007 310 1112 382 neque

111 392 327 463 accelerantes
342 410 446 483 neque
457 395 539 461 reta'r
600 411 646 461 tes
656 389 724 485 pari
736 386 857 485 semper
869 387 1039 458 velocitate
1053 384 1113 459 dt-

109 484 279 569 scandent,
306 490 343 557 δι
366 486 480 579 aquali
496 487 532 557 vi
554 488 721 559 interram
741 484 958 583 gravitabunt.
1006 482 1113 569 Quod

109 606 186 657 veto
200 584 434 753 ‘mmm
447 607 618 682 corporum
630 580 842 680 pendulorum
859 580 904 654 fic
920 581 950 653 se
965 579 1113 663 habeant,

110 684 196 795 prius
212 706 239 753 ο
340 683 446 753 irnus:
472 686 508 751 &
518 707 587 753 rem
602 680 763 779 figillatim
774 681 911 753 tentavit
928 685 1114 753 Newtonus
1131 756 1134 763 ,

111 802 256 861 mauro,
282 798 428 877 argento,
452 780 598 875 pltunbo,
623 780 723 858 vitro,
747 802 846 859 arena,
867 778 923 850 sale
934 778 1116 860 communi,

107 877 212 977 ligno,
242 898 341 969 aqua,
366 882 401 947 &
418 878 531 950 tritico
547 903 577 949 e.
591 898 626 975 g.
652 880 804 948 Duarum
821 874 975 948 Pixidum
995 876 1114 974 lignea·

108 1000 183 1049 nun
203 970 427 1047 rotundarum
439 980 474 1045 δι
488 977 659 1069 aqualium
677 998 773 1046 unam
789 975 936 1070 implevit
952 975 1060 1070 lignoa
1078 979 1114 1045 bt

109 1068 200 1145 idern
213 1071 295 1143 auri
311 1069 437 1169 pondus
453 1070 609 1169 suspendit
620 1096 719 1165 quam
732 1071 841 1167 potuit
853 1072 963 1141 exacte
983 1074 1015 1142 in
1034 1073 1113 1143 alte·

109 1170 177 1243 tius
195 1188 320 1241 centro
335 1167 549 1242 oscillationis.
598 1166 726 1241 Pixides
739 1168 778 1239 ab
798 1167 972 1262 aequalibus
992 1166 1114 1265 pedum

107 1266 275 1341 undecim
300 1262 364 1339 filis
390 1264 561 1364 pendentes
589 1264 823 1339 constituebant
844 1262 979 1362 pendula
1003 1263 1114 1359 quoad

111 1362 258 1465 pondus,
423 1362 786 1445 ,uaerisrefistentiam
798 1365 930 1435 omnino
937 1362 1032 1460 paria.
1066 1367 1115 1434 Et

110 1462 264 1633 mirus
310 1460 525 1553 cillationibus
547 1461 641 1553 juxta
660 1459 772 1559 posita
795 1461 882 1533 ibant
898 1485 958 1532 una
980 1466 1014 1532 &
1030 1454 1116 1532 redi·

110 1580 115 1587 ·
201 1554 400 1632 diutiffime.
415 1560 503 1631 Etin
516 1560 705 1658 corporibus
718 1556 861 1650 ejusdem
875 1557 1034 1655 ponderis,
1046 1555 1116 1629 dis·
1133 1554 1136 1559 ’

111 1656 257 1731 'ferentia
275 1656 462 1749 quantitatis
473 1659 625 1738 materiae,
646 1680 720 1751 quat
735 1656 789 1727 vel
799 1658 904 1728 minor
918 1654 994 1728 effer
1012 1678 1113 1750 quam

118 1750 372 1855 pusmissesrma
382 1757 522 1826 materia
530 1750 700 1837 totius‚his
712 1755 936 1850 experimentis
947 1749 1115 1825 manifesto

110 1848 323 1953 'deprehendi
342 1854 462 1949 potuit.
516 1858 588 1956 Jam
608 1877 687 1924 vero
713 1857 872 1924 Naturam
896 1851 1061 1948 gravitatis
1081 1848 1115 1921 in

117 1952 263 2023 Planetas
278 1948 419 2043 reliquos
438 1953 592 2024 &Solem
613 1948 716 2047 ipsum
740 1946 871 2020 eandem
889 1944 949 2018 effe
970 1947 1116 2040 atquein

110 2050 267 2121 'Terram
285 2048 391 2121 nullus
408 2044 455 2119 est
467 2044 536 2120 satis
552 2049 690 2121 sonticus
701 2043 875 2118 dubitandi
887 2045 986 2118 locus.
1011 2042 1117 2137 Qod

118 2146 277 2217 etiamex
290 2142 395 2243 figura
407 2146 552 2218 omnium
564 2145 726 2245 sphaerica,
744 2167 802 2241 per
812 2164 964 2215 mutuum
977 2143 1117 2238 partium

94 2276 97 2283 ·
121 2242 277 2315 omnium
298 2238 340 2314 ad
357 2243 387 2313 se
404 2263 523 2315 mutuo
543 2245 773 2342 gravitantium
793 2240 1037 2339 aequipondium
1055 2262 1116 2311 nec

122 2336 255 2413 aliunde
272 2337 365 2411 facile
378 2337 575 2423 deducenda,
600 2344 721 2436 liquere
737 2337 850 2433 potest.
900 2347 1012 2419 Porro,
1038 2340 1118 2410 Ele·

119 2438 188 2511 vari
212 2434 378 2533 fingantur
401 2460 535 2535 corpora
550 2437 620 2511 hac
641 2436 798 2511 terrestria
817 2434 857 2509 ad
878 2438 977 2532 usque
1002 2434 1117 2507 orbem

120 2540 243 2616 Lunae,
269 2540 306 2605 dt
328 2556 486 2608 unacum
509 2540 600 2609 Luna
622 2557 715 2609 motu
738 2537 827 2607 omni
840 2537 960 2632 privata
973 2530 1118 2613 demitti,

120 2654 159 2707 ut
176 2635 348 2707 interram
368 2628 464 2706 fimul
483 2631 613 2707 cadant:
641 2643 701 2706 Per
717 2656 818 2730 nuper
839 2630 972 2705 Ostensa
991 2650 1119 2703 certum

119 2724 281 2825 estquod
295 2731 492 2827 temporibus
508 2731 681 2825 aequalibus
690 2729 869 2804 describent
882 2729 1014 2823 aequalia
1026 2728 1121 2823 spatia

120 2850 224 2925 atque
250 2830 343 2901 Luna
363 2827 425 2925 ipsa
447 2828 663 2913 describeret;
698 2827 842 2920 adeoque
867 2824 959 2918 quod
982 2821 1119 2896 suntad

120 2926 342 3023 quantitatem
354 2929 647 3007 materiaeinLuna‚
672 2946 710 2998 ut
725 2922 863 3021 pondera
879 2923 942 3004 sua,
968 2919 1007 2995 ad
1020 2920 1120 3021 ipfrus

122 3022 269 3123 pondus.
318 3030 489 3105 praterea,
522 3028 676 3117 quoniam
700 3023 851 3101 Satellites
871 3023 977 3134 Jovis‚
1009 3028 1043 3093 &
1063 3027 1120 3093 Sa-

121 3124 216 3197 turni
231 3121 433 3219 temporibus
452 3124 663 3196 revolvuntur
682 3146 758 3216 quae
775 3119 847 3191 sunt
868 3144 899 3192 rn
917 3122 1038 3191 ratione
1059 3118 1119 3188 scs-

121 3220 287 3317 quialtera
298 3217 517 3295 distantiarum
534 3222 550 3292 d
565 3222 693 3292 Centris
703 3219 799 3332 Jovis
811 3225 845 3289 δι
862 3219 999 3294 Saturni,
1024 3233 1119 3285 erunt

119 3344 243 3393 nomm
262 3319 433 3416 gravitates
449 3320 679 3391 acceleratriccs
701 3341 732 3388 tn
755 3322 872 3416 Jovem
898 3319 1119 3386 &Saturnum

121 3420 295 3515 reciproce
311 3435 349 3488 ut
369 3414 521 3510 quadrata
539 3414 757 3496 distantiarum
778 3414 818 3484 ab
836 3411 902 3484 istis
920 3411 1059 3482 centris:
1085 3417 1120 3479 oc

205 3536 296 3595 terea
310 3513 515 3607 aequalibusi
535 3519 616 3612 Iove
638 3523 670 3585 dt
690 3518 825 3584 Saturno
842 3507 996 3582 distantiis
1015 3508 1121 3577 omni·

121 3538 332 3695 meorum
342 3616 511 3709 gravitates
529 3613 757 3684 acceleratrices
775 3606 909 3680 evadent
923 3607 1073 3698 aequales;
1085 3611 1138 3675 δε.

121 3738 267 3814 corpora
277 3713 385 3783 omnia
397 3734 488 3803 aeque
499 3706 650 3782 afficient.
700 3712 814 3797 Atque
825 3702 956 3801 proinde
968 3705 1122 3800 tempori·

123 3810 185 3887 bus
202 3810 381 3908 equalibus
399 3808 438 3880 ab
458 3807 630 3902 aequalibus
655 3802 880 3878 altitudinibus
900 3798 1043 3973 cadsand?
1064 3798 1123 3873 de-

964 3926 1011 3973 crr
1035 3920 1122 3969 erent
