2484 4366
106 203 188 308 ἰρι
289 194 292 198 ’
399 214 827 286 ι’ΜιεοτιοΝεε

117 345 296 448 producent
308 368 448 428 motum,
463 367 499 418 ac
515 342 539 418 st
557 344 651 418 simul
664 344 801 445 impressi
815 341 965 418 fuissent-t
979 339 1113 417 hoeesn

119 443 310 526 eundemne
323 443 480 544 figlobus,
487 447 522 516 vi
535 441 671 541 simplici
677 470 717 516 ex
725 466 864 538 utroque
871 442 1016 542 impulsu·
1028 466 1116 513 com-

119 538 234 641 posita,
247 540 356 614 fuisset
373 545 416 614 im
440 538 522 612 ulsus
534 567 545 623 ς
573 562 668 634 atque
681 539 761 614 adeo
769 539 946 636 simplicem
957 541 1049 610 circa
1062 563 1115 609 ax·

121 658 175 712 em
192 639 393 712 inclinatione
410 566 537 709 datum.
587 642 634 710 Et
648 661 702 735 par
718 637 764 710 est
784 640 866 710 ratio
891 634 1052 734 impulsus
1070 634 1113 706 se·⁸

122 734 223 811 cundi
237 735 315 809 faui
335 737 491 810 inlocum
504 736 602 806 alium
614 738 761 828 quemvis
777 737 808 806 in
822 755 991 828 aequatore
1011 748 1107 804 motta

121 835 219 933 primi
223 859 235 916 3
253 841 332 905 stt&
341 831 493 929 impulsus
508 833 603 928 primi
617 831 695 904 fatti
708 834 740 903 in
753 833 861 903 locum
868 831 1109 924 quemvisina·

123 940 258 1025 quatore
266 951 487 1023 motus,quem
498 927 805 1024 impulsussecundus
813 926 930 1022 absque
938 929 1113 1025 primoge·

124 1047 245 1098 neraret
250 1052 262 1109 3
277 1047 344 1121 atq3
354 1025 433 1098 adeo
439 1023 634 1121 impulsuum
643 1024 884 1097 sactoruinloca
895 1045 1113 1118 quaecunque,

124 1121 521 1197 Generabunthieundem
535 1142 662 1193 motum
676 1123 873 1203 circularem,
890 1146 927 1192 ac
939 1119 968 1192 st
980 1118 1115 1192 fimul&

124 1221 376 1292 semelinlocum
385 1218 608 1292 intersectionis
624 1245 650 1289 ae
676 1219 793 1291 natorst
804 1239 958 1290 motuum
973 1219 1115 1296 illorum,

122 1314 207 1411 iluos
226 1315 352 1390 seorsim
373 1338 568 1414 generarent,
593 1244 722 1389 fuislent
740 1311 887 1413 impressi.
938 1316 1075 1388 Globus
1089 1317 1116 1386 i-

148 1416 214 1486 itur
231 1410 447 1511 homogeneus
466 1418 499 1483 &
515 1413 675 1508 perfectus
686 1437 749 1486 non
759 1414 873 1486 retinet
890 1432 1004 1484 motus
1014 1413 1115 1510 pluret

121 1438 310 1592 {istindos3
337 1507 390 1580 sed
408 1503 568 1604 impressos
586 1534 694 1581 omnes
710 1510 886 1608 componit,
912 1513 949 1578 &
962 1507 1005 1581 ad
1017 1532 1118 1580 unum-

126 1604 276 1678 reducit:
310 1614 344 1678 &
364 1628 518 1699 quatenus
544 1607 576 1679 in
602 1605 698 1677 seest
718 1627 857 1706 gyratur
878 1601 1005 1702 semper
1023 1625 1114 1678 motu

125 1700 263 1801 simplici
276 1703 1027 1782 &uniformi,circaaxemunicuminclinatione
1039 1703 1113 1774 sem·

21 1827 26 1834 ·
124 1813 181 1898 per
206 1801 383 1874 invariabili
407 1799 532 1872 datum.
582 1799 644 1873 Sed
662 1824 720 1871 nec
741 1803 791 1874 vis
812 1800 991 1910 centripeta
1014 1797 1115 1886 versut,

127 1919 245 1994 corpus
262 1920 448 1970 extraneum
474 1894 613 1989 quodvis
639 1895 766 1969 tendens
784 1899 1025 1969 inclinationem
1040 1896 1108 1975 axis,

126 2012 182 2064 aut
200 1997 366 2067 rotationis
391 1988 737 2067 velocitatem‘mutare
759 1991 874 2091 potest.
925 1995 962 2063 Si
988 1993 1109 2067 Globut

124 2092 219 2185 plano
239 2113 434 2183 quocunque
458 2114 514 2186 per
540 2111 685 2162 centrum
709 2092 814 2172 suum,
846 2097 881 2161 δι
908 2091 1110 2162 cenmun'in

124 2183 218 2277 quod
237 2189 285 2257 vis
303 2186 457 2285 dirigitur
474 2184 648 2260 transeunte
668 2187 775 2261 dividi
788 2189 986 2286 intelligatur
1003 2183 1110 2259 induo

126 2277 370 2379 harmisphaeria‚
389 2284 517 2380 urgebit
538 2282 657 2381 semper
672 2286 721 2355 vis
744 2287 795 2358 illa
813 2305 993 2379 utrumque
1016 2281 1112 2354 hemi·

125 2373 297 2475 sphaerium
316 2383 490 2473 aqualiter,
516 2387 550 2450 δι
568 2402 731 2479 propterea
747 2382 884 2479 globum
905 2377 1021 2475 quoad
1047 2403 1110 2450 nto·

125 2491 198 2546 tum
222 2478 387 2550 rotationis
402 2479 520 2549 nullam
539 2479 570 2548 in
592 2498 714 2575 partem
736 2479 910 2551 inclinabit.
961 2473 1110 2549 Addatur
1155 2572 1157 2577 Ι

125 2587 206 2644 vero
221 2574 340 2647 alicubi
360 2577 440 2646 inter
461 2576 572 2671 polum
599 2581 632 2645 &
657 2598 854 2670 aquatorem
872 2576 1008 2648 materia
1023 2597 1110 2653 nova,

127 2667 309 2743 informam
321 2674 438 2744 montis
456 2674 629 2753 cumulata,
642 2679 676 2742 ὃ(
687 2670 758 2744 haec
768 2693 924 2771 perpetuo
937 2691 1058 2743 conatu
1067 2693 1110 2741 re·

127 2765 417 2844 cedendilcen'tro
435 2769 482 2841 sui
502 2791 609 2842 motus
629 2769 773 2843 turbabit
791 2790 919 2841 motum
938 2768 1047 2866 globi,
1070 2766 1110 2838 sa·

126 2864 256 2956 cietque
272 2870 361 2962 polos
381 2868 447 2957 ejus
460 2891 560 2938 errare
575 2892 630 2963 per
650 2865 746 2964 ipsius
761 2865 971 2963 superficiem,
1001 2871 1038 2936 &
1057 2866 1109 2936 cir·

126 2959 217 3030 culos
233 2963 357 3035 circum
378 2963 410 3035 se
427 2965 646 3059 punctumque
672 2963 732 3035 fibi
754 2960 939 3062 opposrtum
959 2982 1110 3060 perpetuo
1133 3002 1136 3009 ·

125 3052 320 3129 describeres
364 3066 483 3153 Neque
491 3062 671 3158 corrigetur
682 3059 922 3158 istavagationis
934 3059 1109 3136 enormitas,

129 3149 188 3224 nisi
208 3154 346 3227 locando
356 3179 499 3227 montem
518 3153 610 3228 illurn
630 3160 728 3230 velin
747 3160 831 3256 polo·
844 3160 1002 3229 alterutro
1009 3181 1021 3238 3
1048 3179 1110 3250 quo

79 3309 81 3312 ⁴
128 3248 161 3322 in
175 3251 258 3333 casu,
266 3275 305 3325 ut
317 3256 405 3349 prius
417 3251 556 3334 ditium,
566 3253 661 3328 Nodi
672 3256 842 3349 aequatoris
848 3252 1111 3351 progredientur:

128 3349 182 3419 vel
197 3349 229 3419 in
250 3372 431 3443 aequatore3
459 3374 523 3443 qua
551 3353 683 3432 ratione,
707 3377 764 3450 per
788 3353 874 3450 prius
896 3349 997 3422 etiam
1019 3347 1112 3428 dina,

131 3444 228 3517 Nodi
246 3446 492 3545 regredientur:
523 3451 576 3520 vel
600 3447 741 3541 denique
759 3449 853 3521 altera
872 3449 937 3521 axis
955 3467 1048 3545 parte
1062 3443 1113 3519 ad·

130 3540 238 3614 dendo
254 3548 417 3617 materiam
436 3568 552 3616 novam
571 3570 637 3638 qua
650 3571 741 3619 mons
758 3549 840 3618 inter
860 3543 1065 3618 movendum
1078 3545 1114 3616 li·
1129 3568 1132 3576 ·

129 3636 261 3733 bretur:
289 3648 334 3714 Et
349 3642 413 3714 hoc
432 3643 527 3738 padio
542 3642 638 3716 Nodi
653 3640 977 3740 vel-progredientur,
1002 3639 1057 3714 vel
1068 3664 1115 3715 re-

130 3732 255 3814 cedent,
279 3738 409 3835 perinde
425 3760 463 3811 ut
474 3764 564 3810 mons
578 3746 613 3810 ἃ
626 3737 733 3813 haecce
747 3763 832 3814 nova
842 3740 976 3813 materia
989 3737 1121 3818 suntvel

129 3832 208 3930 polo
222 3835 275 3906 vel
285 3838 443 3930 'aequatori
456 3839 626 3936 propiores.
1020 3932 1116 4006 cml
