2452 4366
255 228 950 310 rmilroaMATHaMATIM.
1040 235 1111 334 2'99'

108 364 174 444 elle
192 364 347 467 superiori
369 366 551 438 Corollario
579 362 620 436 srt
645 366 730 439 recie
751 367 967 442 observatum.
1016 378 1109 465 Quin

112 475 151 540 oc
161 462 231 557 ¹huc
250 467 349 539 etiam
362 460 477 557 addere
490 466 595 544 liceat,
613 465 699 536 vires
716 467 912 540 Plan'etarum
925 490 1042 566 prater
1050 476 1111 543 So-

109 570 172 639 l'em
189 570 227 635 δε
248 569 376 636 Lunam
394 562 607 657 reliquorum,
633 580 711 655 quas
725 582 887 662 tantopere
910 589 1038 665 crepant
1056 573 1109 642 A.

112 662 261 759 strologi‚
286 666 340 733 aui
364 660 412 731 ob
427 656 587 735 distantias
611 684 765 742 enormes,
790 684 845 735 aut
863 662 907 734 ob
934 688 1111 765 corporum

112 763 306 860 parvitatem
319 756 524 831 tantillaseffe
543 762 575 831 in
593 757 817 928 Atmoighaera
837 758 952 842 nostra,
978 769 1012 833 &
1025 752 1112 862 apurl

113 850 299 955 Tellurem,
325 876 364 928 ut
376 859 436 929 vix
451 877 507 930 aut
520 878 558 929 ne
574 859 633 929 vix
670 858 705 929 ui
729 880 780 930 em
791 860 859 931 ullo
872 857 994 932 indicio
1003 862 1113 953 sentiri

113 954 250 1058 p'offirit3'
279 955 400 1028 nedum
419 973 458 1026 ut
474 950 609 1028 effeetus
629 881 719 1035 illos,
744 980 875 1055 magnos
896 964 1034 1030 certe&
1056 958 1113 1034 ad-

113 1052 292 1135 mirandos,
316 1074 400 1149 quos
419 1050 611 1150 supponunt,
636 1053 705 1124 ullo
722 1053 817 1149 patto
831 1053 1010 1151 producere
1029 1082 1113 1152 que·

110 1174 176 1226 ant.
226 1154 301 1243 Qui
323 1144 570 1241 Idololatrarum
596 1172 685 1221 more
716 1150 824 1221 Stellas
849 1154 941 1223 Deos
960 1153 1032 1230 elle,
1057 1156 1112 1228 vel

106 1256 209 1325 Deos
221 1252 260 1323 iis
279 1242 373 1321 ineffe
394 1250 593 1320 Immortales
610 1246 791 1347 opinantur,
815 1244 945 1348 liabent,
991 1276 1034 1321 uo
1055 1277 1112 1349 pa-

111 1341 498 1444 trocinenturlrypothefi
513 1345 588 1417 suar.
636 1347 708 1434 Qri
720 1369 798 1417 vero
815 1366 881 1418 tam
901 1374 936 1420 cr
977 1372 1000 1416 o
1012 1352 1113 1421 errori

110 1446 195 1519 olim
209 1442 449 1525 valedixerunt,
474 1445 594 1515 mirum
609 1468 678 1538 quo
699 1442 769 1515 fato
788 1442 854 1515 istis
874 1445 994 1537 naeniiS,
1020 1450 1110 1519 omni

111 1543 182 1617 sana
200 1543 324 1615 ratione
336 1536 436 1620 caffis,
453 1560 518 1612 tam
530 1542 684 1640 pertinaci
694 1542 800 1613 animo
815 1544 989 1616 etiamnum
1002 1542 1110 1616 adha-

115 1660 220 1713 reant-

186 1838 283 1909 Maii
304 1836 380 1930 ¹7⁰⁴
404 1826 502 1927 1708.

540 2343 706 2417 XXXVI.
783 2344 787 2349 ’

113 2523 240 2592 XCII.
307 2523 367 2591 LA
375 2542 399 2588 Ν
409 2544 428 2589 a
438 2542 461 2588 r
470 2542 493 2586 a
502 2541 526 2590 R
537 2541 562 2587 u
572 2543 602 2588 nr
617 2540 725 2590 motus
732 2517 841 2589 diurni
853 2515 1026 2589 uniformes
1037 2514 1110 2587 sunt

251 2708 254 2713 Ι
325 2623 359 2687 &
372 2614 560 2709 aquabiles:
588 2622 623 2686 &
643 2616 843 2689 Librationes
863 2620 977 2696 Lunae,
1005 2639 1047 2686 ex
1064 2614 1114 2708 ip-'

113 2713 182 2787 iius
196 2736 293 2786 motu
316 2710 435 2785 diurno
457 2711 618 2807 aequabili,
645 2738 721 2784 cum
748 2710 913 2785 menstruo
931 2710 1114 2804 inaequabili

113 2812 248 2892 collata,
274 2819 308 2887 &
321 2808 496 2882 secundum
516 2830 608 2881 axem
631 2809 672 2882 ad
686 2812 825 2883 orbitam
846 2810 1026 2881 inclinatam
1040 2832 1113 2906 per·

114 2910 192 2983 asto
210 2906 380 2982 necess'ario
393 2910 553 2980 oriuntur.

165 3008 257 3078 Haec
273 3008 352 3079 olim
369 3008 587 3078 annotavimus
595 3032 607 3088 3
634 3030 692 3076 nec
704 3007 813 3078 multis
828 3003 933 3076 verbis
947 3001 1002 3077 hic
1019 3029 1112 3102 opus.

114 3102 286 3192 Quoniam
305 3128 383 3175 vero
404 3107 506 3174 Lunae
522 3104 606 3174 circa
622 3120 714 3174 axem
734 3104 826 3176 suum
841 3101 1046 3175 uniformiter
1063 3127 1116 3183 re·

116 3204 282 3283 volventis
292 3200 362 3274 dies
376 3198 553 3272 menstruus
574 3198 620 3271 est
627 3229 638 3282 3
670 3201 890 3297 (periodicum
904 3196 1040 3272 mensem
1059 3196 1116 3269 hic
1187 3247 1190 3254 ,

118 3302 277 3373 volumus
287 3307 315 3384 ε)
344 3297 454 3388 Hujus
465 3297 560 3370 facies
574 3296 683 3370 eadem
687 3301 868 3398 fhperiorem
882 3298 946 3370 fere
958 3293 1116 3394 Ellipseos

119 3399 349 3478 Umbilicum,
363 3420 426 3468 non
439 3421 518 3468 vero
526 3397 695 3469 Tellurem
708 3400 739 3469 in
750 3402 880 3492 inferiori
892 3393 1024 3491 posnam
1038 3393 1119 3464 sema

117 3486 177 3594 pei
193 3496 341 3593 respiciet
347 3521 358 3576 ;
392 3490 544 3587 eoquod
569 3516 677 3566 motus
699 3496 853 3589 angularis
874 3496 1007 3587 quoque
1033 3492 1119 3561 circa

118 3592 220 3669 istum
241 3595 453 3667 Umbilicum
472 3591 539 3662 fere
562 3588 601 3662 fit
622 3588 796 3686 aequabilis,
823 3586 1018 3683 inaquabilis
1040 3613 1120 3659 vero

118 3694 208 3766 circa
233 3696 416 3765 Tellurem.
467 3694 513 3761 Et
531 3710 695 3787 propterea
717 3716 775 3788 pro
798 3687 862 3761 srtu
883 3686 1047 3761 Umbilici
1067 3691 1082 3758 l
1102 3728 1118 3743 ·

117 3792 255 3889 perioris
273 3790 419 3864 deviabit
435 3789 624 3883 plerumque
643 3787 717 3859 hinc
738 3784 810 3858 inde
832 3789 978 3865 Herm,
1001 3793 1034 3856 &
1047 3810 1118 3880 par·

114 3910 161 3993 tes
178 3912 267 3967 nunc
279 3886 499 3975 'orientaliores
510 3908 594 3960 nunc
609 3883 874 3960 occidentaliores
884 3884 976 3971 nobis
983 3881 1120 3956 exhibe.

116 3998 142 4031 ‘¹
194 4012 199 4027 ¹
1047 3979 1117 4052 bit:
