2484 4366
267 189 952 301 nummo-Mammam.
1054 217 1099 283 ι,

113 310 251 427 spatium
263 306 353 388 aliud
367 315 505 388 mobile:
533 315 606 387 Sive
623 313 804 389 Transsatio
825 322 966 418 corporis
986 317 1027 391 de
1048 323 1100 392 vi·

119 411 203 483 cinra
213 437 386 511 corporum
402 412 614 485 'ambientium
635 415 667 485 in
688 413 837 487 viciniam
852 419 1006 500 aliorum;
1032 414 1099 488 sive

121 507 251 604 demum
279 509 460 584 Transsatio
481 512 620 610 corporis
640 510 681 584 de
704 507 767 583 srtu
788 513 869 585 inter
888 517 946 586 alia
966 539 1099 612 corpora

114 605 248 706 proprio
262 609 295 682 in
309 609 406 681 alium
421 605 528 680 fitum.
601 604 604 611 ’

167 707 223 778 Sic
237 707 270 778 in
283 708 356 779 navi
370 731 443 801 quae
457 706 534 777 velis
552 702 642 804 palsrs
663 703 765 778 fertur
779 707 945 781 Relativus
959 707 1100 806 corporis

117 803 231 896 Locus
244 790 292 876 est
304 805 391 876 navis
409 804 498 902 regio
520 803 573 876 illa
591 806 623 875 in
644 827 709 897 qua
730 827 845 902 corpus
866 805 1021 887 versatur,⁸
1045 803 1099 876 seu

116 895 263 974 cavitatis
275 898 374 974 totiui
387 925 454 999 pam
466 901 630 994 illaquam
644 925 759 998 corpus
772 899 935 999 adimplet,
960 925 1100 996 quaque

115 995 202 1070 adeo
228 1019 379 1072 movetur
401 1023 556 1070 unacum
577 998 676 1070 navi:
709 1002 755 1070 Et
769 1000 869 1089 Quinc
885 1003 1032 1075 Relativa
1053 999 1100 1072 est

116 1092 294 1193 pennanlio
309 1097 446 1195 corporis
458 1096 489 1166 in
503 1093 613 1168 eadem
626 1097 678 1168 illa
690 1097 775 1168 navis
786 1098 925 1195 regione,
950 1099 1001 1170 vcl
1013 1120 1100 1196 parte

121 1195 278 1266 cavitatin
327 1196 376 1264 At
390 1195 490 1284 Quies
503 1197 588 1267 Vera
603 1191 650 1265 est
662 1188 828 1306 perpansro
840 1195 981 1305 corporis
1000 1197 1031 1266 in
1047 1220 1099 1265 ea-

122 1287 201 1362 dem
221 1311 306 1388 parte
332 1289 420 1388 spatii
442 1290 524 1362 illius
544 1292 671 1363 immoti
693 1292 725 1362 in
746 1315 811 1384 qua
832 1315 918 1364 navis
938 1289 1011 1388 ipsa,
1037 1316 1099 1364 una

120 1412 202 1458 curn
216 1388 350 1458 cavitate
361 1386 425 1470 sua,
434 1389 629 1488 &contentis
643 1385 794 1461 universis
809 1410 969 1462 movetur.
997 1385 1098 1460 Unde
1118 1419 1121 1425 ·

120 1478 248 1577 literra
268 1507 340 1578 vere
360 1482 546 1580 quiesceret,
569 1509 683 1582 corpus
704 1484 796 1580 quod
815 1487 944 1558 relative
959 1485 1099 1578 quiescat

119 1584 154 1677 in
177 1580 262 1660 navi,
282 1603 465 1655 moveretur
486 1581 560 1654 vere
581 1589 615 1654 δι
634 1580 772 1656 absolute
785 1606 821 1654 ea
842 1604 918 1656 cum
931 1584 1100 1656 velocitate
1122 1656 1125 1661 .

121 1669 287 1772 qnanavis
305 1680 642 1752 movebauuinterra.
855 1682 867 1745 ζ

172 1771 228 1846 Sin
248 1770 352 1848 Terra
371 1799 502 1871 quoque
522 1796 702 1857 moveatur,
728 1777 868 1848 Orietur
881 1801 975 1848 verus
989 1778 1023 1847 δι
1040 1773 1098 1848 ab·
1121 1830 1124 1837 -

122 1870 245 1943 solutus
260 1875 400 1972 corporis
414 1892 521 1946 motus
542 1874 657 1972 partim
677 1897 719 1945 ex
739 1894 831 1946 terrae
850 1892 943 1944 motu
967 1897 1045 1943 vero
1065 1875 1100 1944 in

122 1968 223 2065 spatio
235 1961 389 2054 immot03
414 1971 529 2069 partim
543 1993 583 2044 ex
604 1971 739 2045 relativis
752 1969 904 2050 motibus,
929 1991 1000 2042 tum
1013 1973 1101 2041 navit
1122 2024 1151 2045 -.

128 2064 163 2134 in
176 2067 268 2147 terrai,
291 2088 364 2139 tum
378 2067 516 2166 corporis
530 2067 563 2141 in
575 2068 664 2151 navi3
692 2073 739 2140 Et
753 2093 793 2139 ex
807 2064 856 2139 his
869 2065 1011 2139 motibus
1023 2069 1100 2138 rela-

127 2162 886 2262 tivirorieturcorporismotusrelativusintend.
915 2159 1102 2238 Utliterrae

123 2282 193 2355 pars
208 2261 260 2331 illa
273 2262 331 2334 ubi
344 2265 430 2335 navis
451 2262 590 2334 versatur
604 2284 773 2335 moveatur
784 2261 859 2334 vere
878 2262 910 2332 in
932 2263 1102 2334 Orientem

124 2381 203 2428 cum
216 2358 385 2431 velocitate
391 2361 528 2458 partium
541 2383 650 2441 10010
655 2385 666 2442 3
682 2365 716 2430 δι
727 2359 803 2430 velis
817 2379 975 2450 ventoque
983 2357 1102 2430 feratur

124 2454 214 2525 navis
227 2454 258 2524 in
271 2455 486 2530 Occidentem
499 2457 893 2553 cumvelocitatepartium
906 2479 965 2535 103
994 2459 1103 2526 Nauta

126 2571 235 2622 autem
249 2549 388 2633 ambulet
401 2555 433 2626 in
446 2552 519 2636 navi
536 2555 706 2626 Orientem
719 2546 822 2625 versus
837 2576 912 2623 cunr
925 2552 1103 2628 velocitatis

128 2666 216 2742 parte
235 2672 314 2720 una:
341 2653 534 2723 Movebitur
548 2656 656 2723 Nauta
669 2674 743 2722 vere
758 2647 943 2719 &absolute
958 2648 989 2717 in
1003 2645 1101 2744 spatio

125 2745 266 2815 immoto
279 2769 354 2818 curn
367 2748 505 2842 partibus
518 2747 693 2818 velocitatis
712 2769 819 2815 10001
831 2745 1053 2824 monentem,
1067 2752 1103 2816 δι

125 2843 258 2913 relative
271 2842 302 2913 in
317 2863 398 2916 terra
413 2841 629 2917 Occidentem
643 2840 748 2915 versus
764 2866 839 2911 cum
853 2841 1027 2912 velocitatis
1033 2865 1104 2939 par-

126 2939 216 3009 tibus
229 2962 353 3010 novem.

174 3032 247 3105 Feb.
266 3035 320 3106 28.
351 3042 446 3132 ηοξ.

218 3307 405 3381 Efinitiones
412 3308 569 3381 nonnullas
582 3301 792 3401 Philosophia
803 3304 1110 3396 Newtonianarpra·

242 3404 408 3477 mittendas
421 3406 599 3503 nuperrime
611 3400 842 3499 proposuimus.
893 3408 992 3472 Nunc
1003 3419 1109 3491 autem

130 3501 297 3575 Scholium
319 3505 471 3576 Generale
491 3498 716 3597 definitionum
743 3501 888 3572 ultimam
917 3504 951 3567 δι
972 3493 1110 3592 penulti-

128 3627 212 3674 mam
231 3600 365 3697 spectans
377 3595 651 3696 supperaddemur.
1110 3677 1115 3689 ι

177 3697 325 3768 Scholium
344 3693 507 3767 'Generala
565 3691 818 3786 Distinguuntur
851 3690 951 3782 Ques
971 3692 1004 3757 &
1029 3686 1125 3756 Nlo-¹

130 3815 182 3866 tus
198 3792 347 3867 Absoluti
361 3799 394 3865 &
408 3787 553 3872 Relativi
567 3791 605 3891 ab
620 3791 758 3864 invicem
776 3809 955 3882 percorum
968 3785 1112 3951 proppie-
1137 3864 1142 3873 ¹

362 3913 364 3918 ·
1036 3902 1110 3954 aes,
