2484 4366
33 180 35 188 ¹
136 237 156 310 a
333 236 335 241 ·
406 191 981 299 araerrcrronrar»=-·=

133 352 292 451 diametro
304 367 379 444 VT,
397 369 430 433 ἃ
442 359 586 434 ordinata
599 367 635 430 K
636 366 666 432 E
676 358 834 432 diametro
841 364 924 430 GM
925 355 971 430 est
977 347 1136 455 paralielal

137 463 357 558 Ordinataper
368 456 840 532 focorrnnutrumvisadaxem
850 456 1002 548 majorem
1009 461 1134 530 MAin

50 592 54 600 ·
136 561 347 662 figuraprima
360 555 482 630 dicitur
491 554 1132 654 LatusRefrumPrintipalnvelParamc·

135 681 181 735 ter
189 657 418 749 Axismajoris.

182 756 343 828 Palmaria
361 753 518 850 Ellipseos
532 753 741 849 Proprietates
753 749 824 824 sunt
839 748 910 822 haez

186 859 204 938 (
215 865 267 943 1.)
295 849 622 942 Diameterquaelibet
631 871 669 941 ut
683 857 736 921 M
738 856 766 920 G
777 872 884 921 omnes
896 845 1055 920 ordinatas
1066 845 1135 919 suas

137 951 197 1023 fibi
211 952 350 1022 invicem
358 951 526 1048 parallelas,
538 953 749 1028 utura-AB,
775 953 843 1027 SY,
869 944 910 1017 ad
945 943 1131 1044 eripherian

135 1049 312 1146 elliPticam
324 1050 474 1141 utrinque
490 1047 667 1139 terminatas
678 1044 824 1119 bifariam
837 969 970 1116 dividit.
1020 1041 1024 1047 ’

187 1152 266 1235 (2.)
295 1147 422 1217 Axium
437 1142 604 1221 ordinata
624 1141 695 1215 sunt
706 1142 817 1218 axibus
831 1140 904 1238 ipsis
921 1138 1132 1238 perpendicu-

133 1244 232 1323 lares:
272 1240 335 1314 Sed
358 1242 602 1318 Diametrorum
617 1242 810 1334 reliquarum
828 1238 980 1331 ordinata
997 1238 1068 1310 sunt
1092 1238 1132 1311 ad

132 1339 303 1413 diametros
314 1337 380 1412 suas
391 1340 545 1433 obliquae,
572 1344 606 1408 δε
620 1336 795 1411 indiversis
807 1337 967 1436 speciebus
980 1361 1020 1408 eo
1031 1339 1133 1434 magis

133 1436 289 1532 obliquae,
302 1437 427 1534 paribus
440 1437 479 1507 ab
492 1461 549 1507 axe
566 1432 731 1512 distantiis,
745 1461 814 1531 quo
829 1437 911 1507 ratio
921 1437 986 1509 axis
993 1434 1130 1526 majoris,

134 1532 175 1607 ad
187 1537 344 1608 minorem
359 1532 406 1607 est
422 1533 524 1625 major
536 1560 548 1616 ;
575 1540 610 1605 &
623 1536 655 1613 in
669 1531 782 1608 eadem
791 1531 892 1629 ellipsr
905 1557 946 1607 eo
957 1534 1055 1630 magis
1068 1532 1130 1603 ob·

132 1634 245 1726 liquae,
262 1656 332 1726 quo
348 1630 495 1710 diametri
514 1629 585 1704 sunt
604 1632 643 1705 ab
660 1633 772 1707 axibus
787 1633 983 1714 remotiores.

184 1736 201 1813 (
211 1741 263 1827 3.)
297 1733 386 1803 Duae
405 1751 530 1803 tantum
553 1727 668 1803 dantur
687 1727 834 1802 diametri
858 1728 1038 1827 conjugatae
1068 1724 1130 1799 fibi

132 1829 274 1902 invitem
291 1831 447 1921 aequales3
474 1853 611 1920 quarum
622 1829 770 1900 Vertices
782 1829 945 1920 aqualiter
963 1824 1004 1897 ab
1018 1827 1129 1896 axium

132 1925 307 1998 verticibus
316 1922 443 2001 distant.
470 1928 523 1995 Sic
541 1926 708 1997 Diameter
728 1933 765 1994 V
768 1921 855 1994 Test
869 1922 1027 1996 diametro
1045 1925 1132 1995 GM

132 2021 354 2122 conjugata&
379 2023 518 2116 aqualis,
542 2021 601 2093 ubi
616 2046 727 2119 nempe
743 2030 780 2092 V
777 2028 809 2090 F
821 2019 869 2092 est
887 2023 1014 2115 aequalis
1032 2028 1085 2089 M
1088 2026 1127 2098 F,

132 2126 168 2193 &
192 2127 268 2195 VD
291 2121 418 2215 aqualis
438 2124 533 2197 MK.
895 2140 902 2147 ’
999 2140 1008 2171 -·

132 2238 137 2248 ’
160 2245 166 2257 ¹
182 2223 260 2311 (4.)
289 2218 416 2296 Harum
427 2214 563 2288 duarum
571 2214 798 2307 diametrorum
818 2217 900 2288 inter
912 2214 941 2299 se
955 2216 1126 2308 aequalium

8 2366 11 2370 ,
130 2319 166 2384 &
190 2312 430 2410 conjugatarum
454 2315 587 2411 angulus
609 2313 739 2399 obtusus
767 2322 804 2383 V
804 2321 887 2384 CM
917 2311 995 2403 :erit¹
1012 2310 1124 2401 major,

130 2417 165 2480 &
185 2432 296 2501 acutus
320 2419 358 2497 l(
359 2418 388 2482 C
391 2418 419 2480 G
433 2413 493 2483 erit
508 2412 613 2482 minor
624 2414 713 2483 omni
727 2414 788 2483 alio
801 2402 954 2515 angulda
966 2407 1125 2481 diametris

6 2569 8 2573 ι
41 2545 46 2555 ·
129 2511 260 2602 reliquis
278 2504 359 2580 inter
377 2508 407 2578 se
427 2507 604 2605 conjugatis
621 2506 857 2605 comprehenso.
887 2536 917 2587 :³

180 2611 259 2698 (5.)
288 2608 321 2677 Si
338 2604 399 2679 sint
412 2608 573 2693 lineaetrP
590 2613 625 2676 δε·
643 2610 695 2701 vu
710 2598 940 2701 semiordinatar
952 2601 992 2674 ad
1004 2602 1124 2674 diame-

126 2723 213 2774 trum
233 2705 483 2797 quamvis'MG
493 2731 506 2787 3*
533 2701 736 2795 Quadratum
751 2699 979 2794 semiordin'ata
1000 2709 1061 2789 μΡ
1079 2699 1126 2770 est

126 2798 167 2872 ad
194 2799 398 2892 Qradratum
424 2799 653 2887 semiordinatae
684 2805 740 2872 *B
771 2821 816 2871 ur.
832 2797 879 2870 est
904 2798 1123 2896 redangulum

128 2900 207 2977 Mu
219 2912 258 2985 ’χ
275 2905 341 2983 μᾶ
360 2922 475 2994 ηεῐῃρε
498 2890 562 2971 sub=
575 2895 713 2994 partibus
730 2897 878 2970 diametri
899 2876 989 2977 fastis
1008 2895 1047 2966 ab
1067 2891 1124 2965 ista

124 2993 280 3073 ordinata,
305 2993 354 3067 ad.
368 2997 588 3091 reumgulum
610 2992 671 3077 Mt
686 3016 729 3083 ,Χ
747 3000 796 3065 rG
811 2993 885 3078 sub,
898 2980 1037 3090 §artibus
1056 2990 1124 3062 dia-

63 3119 65 3122 *
123 3096 218 3164 metri
238 3091 380 3163 fadisab
397 3093 492 3162 altera
508 3090 662 3164 ordinata.
922 3136 949 3160 ..·
1187 3119 1188 3126 ¹

175 3195 243 3276 (6.)
260 3191 358 3262 Latus
368 3190 511 3262 Redum
521 3183 1124 3279 velParameterdiametricujusqueest

122 3285 195 3380 post
205 3285 397 3364 diametrum
410 3283 500 3358 istam
510 3294 542 3356 &
551 3285 657 3359 eidem
665 3283 867 3382 conjugatam
882 3287 976 3358 tertia
992 3309 1123 3380 geome-

121 3384 448 3480 triceproportionali.
476 3388 553 3454 Hoc
562 3382 608 3454 est
616 3376 762 3482 infigura
767 3385 870 3480 prima
881 3389 1056 3452 Parameter
1071 3383 1124 3452 vel

121 3479 532 3557 Latusueuumdiametn
542 3480 769 3572 cujusviaDK
775 3478 822 3551 est
836 3488 867 3552 Y.
890 3481 924 3551 Si
937 3475 977 3550 iit
991 3500 1029 3549 ur
1041 3480 1123 3547 Dia·

118 3599 222 3665 meter.
236 3584 316 3674 ΒΚ
328 3576 370 3655 ad
387 3578 590 3676 conjugatam
602 3575 796 3669 diametrum
812 3583 882 3649 EF
898 3578 942 3648 ita
958 3581 1026 3646 EF
1037 3571 1077 3644 ad
1090 3582 1121 3642 Y.
1140 3596 1142 3604 ’

112 3673 223 3771 ,Unde'
234 3671 344 3752 'AM
352 3673 590 3772 ordinata-sper
601 3673 729 3754 focum,
747 3675 836 3744 lateri
847 3673 938 3746 redo
949 3670 1125 3770 principali,

113 3780 155 3885 ut
177 3764 277 3876 prius,
303 3773 455 3878 aqualia
470 3771 725 3877 estfflstmoem
745 3768 897 3865 majoram
914 3778 949 3844 &
967 3771 1123 3878 minorem

504 3876 537 3921 ·-'‘
1030 3886 1123 3944 terna
