2452 4366
236 134 931 248 rHrsl'co-MATHEMArrcof.
1006 196 1068 274 253

91 304 132 379 ast
144 308 339 405 nonexigua
350 302 462 377 eadem
469 301 672 403 phaenomena
684 301 841 402 gradatim
849 301 1077 401 patefacienda,

91 410 126 473 dc
139 426 195 474 nos
210 402 250 475 ad
263 404 371 476 causas
387 401 412 474 sr
427 426 490 473 non
502 403 640 481 ultimas,
664 404 823 499 proximas
837 422 952 481 tamen,
965 408 1075 475 &tatu

91 500 441 575 calndoGeometrico
458 521 556 592 quam
570 496 680 571 usibus
696 497 841 571 humanis
852 497 1078 571 accommoda·

91 600 290 671 tumaxime
302 594 414 670 lenfim
428 593 613 669 accell'uros.

129 692 300 768 siloam.
348 691 557 791 Intelligenda
576 716 653 767 vero
670 691 740 777 [unt
759 694 862 790 priora
882 694 965 765 circa
981 695 1080 776 vires,

91 791 163 863 reris
184 798 223 864 dt
236 788 424 883 hujulnodi
435 788 611 862 fluidorum
628 789 820 887 centrifugas
837 789 878 862 de
890 788 1078 882 hujusmodi

91 884 196 959 blunt
212 886 336 962 uiribus
356 908 432 983 quae
451 890 661 960 terminantur
677 889 710 959 in
727 890 890 985 particulis
909 889 1079 986 proximis,

91 1006 147 1057 rut
167 1010 233 1057 non
257 987 351 1085 longe
373 986 455 1057 ultra
484 981 732 1057 diffunduntur:
767 988 910 1076 qualium
934 988 1080 1083 exempla

91 1077 247 1155 habemrrs
262 1084 296 1155 in
310 1082 498 1181 emporibus
516 1082 713 1180 magneticis.
761 1083 894 1154 Horum
918 1084 1021 1155 virtus
1031 1104 1081 1156 at·

91 1180 228 1251 tradita
249 1177 519 1253 terminanufere
542 1178 638 1250 insui
653 1176 773 1275 generis
793 1179 991 1276 emporibus,
1017 1176 1079 1253 fibi

150 1277 263 1349 ximis.
313 1277 476 1375 Magnetis
502 1277 603 1348 virtus
623 1298 681 1373 per
702 1275 915 1372 interpositam
929 1278 1079 1349 laminam

91 1298 170 1447 lardi
188 1369 402 1455 contrahitur,
427 1373 506 1445 &in
526 1374 638 1446 lamina
658 1370 725 1443 fere
744 1376 941 1447 terminatur.
992 1376 1082 1446 Nam

192 1494 231 1543 ra
249 1472 403 1543 ulteriora
426 1490 574 1543 nontam
594 1471 612 1541 l
632 1490 790 1568 magnete,
814 1495 911 1565 quam
932 1469 1082 1545 {lamina

161 1588 279 1658 untur.
329 1566 386 1639 nd
417 1564 554 1640 eundem
580 1565 716 1639 modum
735 1564 760 1638 sr
779 1571 943 1664 particular
965 1565 1081 1665 firgent

95 1668 167 1739 alias
181 1665 232 1738 sui
248 1666 372 1765 generis
391 1664 559 1763 particulas
581 1662 641 1737 fibi
661 1665 832 1760 proximas,
857 1668 890 1738 in
910 1666 1081 1765 particulas

93 1784 205 1836 autem
224 1763 415 1836 remotiores
437 1764 596 1834 virtutem
615 1762 734 1834 nullam
759 1785 938 1844 exerceant,
962 1785 1003 1831 ex
1018 1758 1082 1834 hu·

91 1858 237 1953 juliuodi
251 1861 414 1959 particulis
426 1863 657 1957 componentur
665 1858 777 1941 liuida,
788 1859 830 1931 de
842 1860 960 1956 quibus
971 1858 1081 1930 astum

91 1956 141 2031 est
159 1958 194 2029 in
213 1955 274 2029 hac
293 1955 522 2054 Proposrtione.

145 2058 249 2126 corat.
267 2060 337 2148 (2.)
365 2056 435 2125 Pari
455 2053 523 2125 fere
549 2055 668 2127 ratione
687 2076 806 2153 praeter
831 2055 900 2126 vim
919 2054 1083 2152 gravitatis

95 2150 306 2223 universalem
328 2151 397 2225 alia
409 2149 471 2223 else
483 2149 635 2224 videntur
648 2154 730 2224 vires
749 2152 925 2224 attractivae
942 2152 1083 2249 peculia-

93 2270 146 2320 res
164 2251 329 2345 particulis
348 2247 548 2341 quorundam
568 2274 743 2347 corporum
766 2272 821 2321 aut
845 2246 1084 2346 peculiaresdi·

95 2342 221 2419 stantiis
235 2347 418 2443 perexiguis
434 2343 541 2418 aliisve
562 2345 806 2419 circumstantiis
827 2371 1000 2443 corporum
1014 2370 1085 2443 par-

95 2444 298 2525 ticularium,
320 2438 405 2515 unde
417 2440 622 2540 phanomena
635 2447 707 2516 alias
714 2441 853 2515 miranda
865 2443 1015 2535 consequi
1026 2441 1085 2512 de-

96 2540 188 2613 bent.
238 2542 292 2613 sic
311 2538 379 2613 sane
396 2563 438 2611 ex
458 2537 644 2630 hujusmodi
659 2543 844 2612 attraclione
862 2543 940 2612 oriri
953 2538 1085 2611 videtur

96 2634 265 2711 radiomm
283 2638 364 2710 lucis
386 2639 418 2709 in
436 2639 626 2736 corporibus
633 2638 800 2735 pellucidis
815 2659 870 2708 aut
890 2642 975 2709 circa
985 2660 1085 2731 angu-

99 2736 146 2807 los
162 2758 345 2833 opacorum
362 2733 513 2807 refraciio
533 2737 587 2807 vel
606 2735 740 2806 inflexio
744 2761 756 2816 ;
784 2754 897 2831 utpote
914 2756 989 2828 quar
1015 2751 1091 2803 ante

98 2833 290 2905 contactum
313 2829 469 2914 accidant,
494 2839 529 2904 δε
552 2833 583 2904 in
607 2830 753 2903 distantia
775 2833 891 2902 minori
904 2829 1020 2901 fortius
1038 2846 1086 2898 at-

98 2928 254 3011 trahtmt3
281 2932 332 3002 uti
349 2931 478 3002 Auctor
497 2927 600 3001 noster
619 2930 652 3000 in
675 2929 808 3026 egregio
826 2927 883 2999 suo
901 2925 942 2998 de
960 2925 1086 3025 Optice

100 3030 239 3101 metatu
256 3026 446 3100 observavit.
504 3032 579 3100 Nec
600 3024 738 3104 aliunde,
762 3026 812 3097 uti
824 3023 910 3099 idem
929 3027 961 3098 in
977 3027 1089 3098 Latina

101 3122 246 3215 ejusdem
274 3126 377 3221 operis
402 3123 543 3196 editione
567 3145 667 3204 notat,
691 3124 768 3195 oriri
794 3122 923 3196 videtur
940 3123 1089 3222 sphaerica

106 3223 157 3294 illa
168 3222 372 3321 guttularum
392 3226 427 3293 δε
449 3223 571 3319 argenti
585 3222 656 3293 vivi
677 3228 711 3292 &
731 3217 945 3296 confimilium
966 3216 1089 3290 fluido·

104 3342 178 3391 rum
197 3318 315 3417 figura.
364 3320 531 3391 Particulae
551 3320 636 3390 enim
667 3319 724 3391 ubi
744 3317 783 3390 ad
801 3321 953 3417 exiguam
971 3312 1089 3387 distan-

103 3416 183 3489 tiam
197 3416 407 3496 collocantur,
420 3409 449 3486 le
461 3414 590 3487 fortiter
603 3414 783 3498 attrahunt3
799 3439 895 3508 atque
906 3439 975 3508 quo
988 3407 1090 3482 modo

101 3538 144 3587 ex
165 3514 284 3611 aequali
301 3515 439 3611 partium
456 3514 487 3584 in
506 3514 634 3608 planetis
651 3516 756 3586 versus
777 3513 806 3584 le
826 3515 965 3584 invicem
981 3509 1091 3605 gravi·

103 3633 190 3692 tate,
222 3604 375 3708 sphaerica
404 3613 598 3708 planetarum
623 3609 728 3707 ligura
761 3609 928 3682 necess‘ario
955 3607 1088 3689 oritur;

105 3708 221 3781 todem
241 3709 338 3780 etiam
353 3731 394 3779 tx
411 3709 525 3801 aequali
546 3710 772 3804 particularum
796 3732 887 3798 aquae
899 3708 953 3777 vel
968 3708 1090 3802 argenti

109 3806 178 3879 viri
189 3804 251 3881 fibi
258 3826 376 3881 mutuo
390 3801 565 3879 admodum
572 3804 861 3909 approximantium
873 3805 909 3889 vi
916 3806 1089 3901 centripeta

960 3924 1090 3993 aequum
