2484 4366
158 193 208 268 '16
422 186 876 261 PReAELECTIONE'S

157 320 278 416 jundai
292 315 364 395 sunt
374 319 482 418 regula
498 325 533 391 δε
544 317 644 400 restis,
669 317 837 393 descendat
847 317 972 418 digitus
989 320 1042 392 vel
1054 313 1158 415 stylus

158 419 241 493 dum
271 418 359 498 restis
379 417 499 514 regula
520 419 603 489 arde
628 418 748 510 junda,
774 426 809 489 δι
843 419 934 492 velut
961 447 977 491 a
1000 421 1158 518 glutinata

158 538 324 599 teneatur3
352 541 416 609 qua
432 533 525 613 opera
538 537 634 613 prout
645 516 769 616 digitus
787 518 840 588 vel
854 514 954 614 stylus
967 444 1156 596 deducim,

156 618 268 716 regula
288 616 385 686 etiam
404 615 487 685 circa
513 615 646 686 clavum
666 622 691 684 I
705 617 860 687 continuo
878 636 1013 696 rotante,
1038 605 1156 686 descri-

158 715 254 786 betur
273 713 421 807 apund'ro
442 718 467 780 B
485 706 551 782 five
570 713 677 808 anguli
693 717 789 782 HBI
803 715 924 786 vertice
940 715 1028 808 lineae
1045 737 1158 785 curvae

158 809 323 918 Hyperbolae
334 809 429 880 dieta
446 831 512 906 pan
528 815 566 876 X
564 816 589 877 B
599 816 641 885 D.
658 813 703 880 Et
711 808 831 905 postea,
839 804 1021 884 conversain
1027 810 1156 882 alteram

156 931 280 1006 partem
298 908 418 1004 regula,
442 931 541 1000 eaque
560 904 775 1003 aderolata‚
800 906 915 980 eodem
922 909 1043 1007 prorsus
1054 905 1156 979 modo

156 1009 251 1078 altera
263 1030 330 1101 pars
344 1003 543 1102 Hyperbolae
553 1009 612 1077 Yl)
623 1002 827 1077 describetur.
876 1014 1038 1087 Praeterea,
1052 1008 1085 1077 si
1098 1004 1154 1077 de*
1190 1063 1193 1071 .

156 1106 291 1200 scriptor
306 1100 428 1174 nodum
448 1102 501 1174 v'el
520 1101 662 1172 foramen
681 1102 742 1174 suae
753 1101 852 1176 ,restis
867 1105 1029 1176 transferat
1042 1106 1074 1174 in
1092 1105 1154 1174 cla-

157 1226 239 1273 vum
252 1205 281 1278 I,
309 1207 341 1270 &
352 1202 469 1297 regulae
482 1201 715 1275 extremitatem
727 1197 759 1271 in
770 1205 952 1282 clavumH,
977 1204 1068 1274 aliam
1075 1204 1156 1297 Hy-

156 1298 321 1397 perbolam
339 1303 439 1368 SKT
461 1299 560 1394 priori
577 1300 709 1370 omnino
731 1295 866 1371 similem
888 1307 922 1370 &
945 1302 1097 1394 aequalem
1121 1305 1155 1369 δι

157 1394 199 1468 ad
219 1398 375 1469 verticem
394 1390 573 1490 oppositam
592 1392 758 1468 describet.
810 1395 872 1468 Sed
884 1391 908 1467 si
921 1399 1028 1495 regula
1042 1403 1075 1467 &
1089 1398 1152 1468 cla-

157 1494 208 1565 vis
227 1518 290 1563 non
314 1494 455 1569 mutatis,
487 1495 664 1590 longiorem
688 1514 814 1565 tantum
838 1493 946 1567 restim
970 1493 1151 1574 admoveat,

157 1589 384 1686 Hyperbolum
411 1591 538 1662 alterius
567 1589 680 1687 speciei
698 1587 904 1689 designabit:
939 1599 973 1662 δι
996 1589 1020 1662 li
1044 1589 1154 1662 adhuc

155 1689 253 1786 paulo
264 1690 453 1786 longiorem,
479 1683 586 1759 adhuc
612 1690 750 1770 alterius,
782 1687 884 1762 donec
912 1689 1008 1786 ipsam
1033 1713 1065 1759 re
1091 1691 1154 1761 ulae

154 1783 263 1879 duplae
278 1786 432 1879 aequalem
446 1783 591 1865 reddens,
616 1789 937 1861 reetamlineamloco
950 1714 1153 1883 Hyperbolae

154 1880 322 1955 describat.
372 1882 501 1954 Deinde
527 1880 754 1982 fiDescriptor
782 1887 946 1957 clavorum
970 1881 1151 1958 distantiam

155 1991 262 2076 mutet
276 1977 387 2051 eadem
398 1980 520 2077 prorsus
532 1983 651 2051 ratione
663 2005 727 2074 qua
740 2005 844 2055 mutat
854 1980 1067 2056 differentiam
1076 2006 1151 2075 quae

44 2105 47 2108 ’
155 2075 203 2148 est
212 2076 385 2148 interfunis
401 2079 558 2175 &regular
567 2074 673 2174 duplae
685 2079 933 2178 longitudinem,
944 2079 1151 2176 Hyperbolus

155 2172 297 2264 ejusdem
308 2170 443 2267 quidem
459 2173 572 2272 speciei
584 2172 752 2258 describet,
777 2175 831 2248 sed
843 2201 979 2271 quarum
994 2197 1094 2273 partes
1108 2173 1132 2246 s
1133 2211 1148 2230 ·

155 2273 246 2342 miles
266 2270 485 2368 magnitudine
506 2265 680 2344 different:
716 2278 762 2345 Et
784 2273 913 2347 tandem
938 2271 961 2344 fi
988 2276 1152 2368 aqualiter

155 2390 269 2463 augeat
288 2367 522 2465 longitudinem
547 2366 634 2440 restis
659 2377 692 2441 &
705 2372 848 2469 regula,
873 2393 1015 2443 manente
1040 2393 1148 2444 earum

152 2463 345 2544 differentias,
371 2472 405 2536 δι
418 2467 581 2538 clavorum
593 2466 770 2547 intervallo,
796 2494 858 2541 non
871 2470 962 2540 aliam
974 2490 1028 2540 aut
1046 2466 1148 2565 specie

154 2583 210 2634 aut
232 2561 451 2660 magnitudine
479 2562 704 2660 Hyperbolam
727 2561 895 2646 describet,
920 2561 972 2637 sed
994 2566 1148 2657 majorem

154 2656 359 2731 solummodo
374 2662 458 2731 illius
471 2682 603 2752 partem.

204 2761 357 2830 Attamen
369 2752 535 2830 fatendum
547 2755 665 2830 estnon
678 2782 789 2854 paucas
796 2759 995 2857 Hyperbolae
1006 2763 1150 2856 proprie«

153 2874 232 2926 tates
243 2881 284 2925 ex
298 2856 359 2926 alio
371 2851 514 2949 quodam
525 2850 695 2953 generandi
705 2854 806 2928 modo
814 2859 926 2928 melius
938 2857 1145 2929 innotescere:

154 2955 244 3022 Eum
257 2953 377 3044 itaque,
395 2974 562 3046 antequam
577 2950 616 3024 ad
635 2949 732 3043 hujus
748 2949 861 3051 figurae
878 2954 1005 3026 nomina
1024 2961 1058 3025 &
1072 2981 1148 3054 pro.-

150 3047 481 3146 prietatesdeveniam
506 3047 660 3121 declarare
670 3075 732 3122 non
744 3053 880 3150 pigebit.
1011 3097 1023 3122 s

201 3148 271 3218 Sint
285 3151 351 3214 LL
372 3153 405 3216 &
421 3155 532 3219 MM.
567 3149 674 3218 Linea
696 3150 791 3220 reetae
809 3148 956 3229 infinita,
981 3140 1012 3222 in
1030 3150 1149 3246 angulo

151 3245 270 3338 quovis
288 3241 527 3315 seinterscantes
538 3243 578 3315 ad
591 3244 747 3340 pundum
769 3253 810 3315 C:
838 3246 1001 3342 Apunsio
1013 3248 1145 3338 quovis,

152 3363 190 3412 ut
206 3348 251 3419 D,
278 3340 377 3419 vele,
403 3338 563 3413 ducantur
587 3344 694 3435 primis
711 3345 799 3414 lineis
820 3344 970 3440 parallelae
992 3345 1060 3425 Dc,
1084 3341 1150 3415 Dd

150 3439 204 3510 vel
221 3465 268 3517 ec,
293 3437 355 3518 σάς
383 3461 458 3530 quae
486 3464 560 3510 cum
585 3441 673 3511 lineis
694 3440 799 3535 primo
822 3440 929 3513 ductis
951 3437 1146 3513 constituant

62 3591 65 3605 .
149 3535 487 3630 parallelogrammum,
520 3558 557 3608 ut
580 3543 637 3606 Dc
665 3537 732 3619 Cd3
769 3539 823 3609 uel
842 3565 878 3608 ec
896 3538 964 3608 Cd:
997 3541 1146 3633 Concipe·

150 3631 222 3702 bina
244 3632 524 3729 parallelogrammi
546 3633 639 3703 latera
659 3654 697 3703 ut
721 3640 790 3718 Dc,
816 3635 881 3704 Dd
894 3637 946 3707 vel
965 3662 1013 3715 ec,
1038 3635 1145 3706 edita

150 3725 209 3810 hac
232 3730 302 3801 illuc
316 3732 440 3804 moveri
467 3750 506 3801 ut
527 3729 767 3828 parallelismum
787 3729 932 3817 eundem
949 3726 1068 3829 semper
1084 3730 1147 3802 ser·

1069 3850 1147 3901 vent
