<?xml version="1.0" encoding="UTF-8"?>
<!DOCTYPE html PUBLIC "-//W3C//DTD XHTML 1.0 Transitional//EN"
    "http://www.w3.org/TR/xhtml1/DTD/xhtml1-transitional.dtd">
<html xmlns="http://www.w3.org/1999/xhtml" xml:lang="en" lang="en">
 <head>
  <title>
</title>
<meta http-equiv="Content-Type" content="text/html;charset=utf-8" />
  <meta name='ocr-system' content='tesseract 3.04.00' />
  <meta name='ocr-capabilities' content='ocr_page ocr_carea ocr_par ocr_line ocrx_word'/>
</head>
<body>
  <div class='ocr_page' id='page_1' title='image "./praelectionesph01whisgoog/praelectionesph01whisgoog_0330.png"; bbox 0 0 2484 4366; ppageno 0'>
   <div class='ocr_carea' id='block_1_1' title="bbox 276 173 1146 300">
    <p class='ocr_par' dir='ltr' id='par_1_1' title="bbox 276 173 1146 300">
     <span class='ocr_line' id='line_1_1' title="bbox 276 173 1146 300; baseline 0.003 -32"><span class='ocrx_word' id='word_1_1' title='bbox 276 195 959 269; x_wconf 64' lang='lat' dir='ltr'>auriaco-Marnannricia.</span> <span class='ocrx_word' id='word_1_2' title='bbox 1039 173 1146 300; x_wconf 31' lang='lat'>3¹7⁷</span> 
     </span>
    </p>
   </div>
   <div class='ocr_carea' id='block_1_2' title="bbox 119 314 1200 1200">
    <p class='ocr_par' dir='ltr' id='par_1_2' title="bbox 119 314 1200 1200">
     <span class='ocr_line' id='line_1_2' title="bbox 133 314 1200 422; baseline 0.005 -27"><span class='ocrx_word' id='word_1_3' title='bbox 133 372 149 395; x_wconf 86' lang='lat'>.·</span> <span class='ocrx_word' id='word_1_4' title='bbox 177 326 298 422; x_wconf 61' lang='lat' dir='ltr'>molt(</span> <span class='ocrx_word' id='word_1_5' title='bbox 302 334 350 408; x_wconf 85' lang='lat'>1.)</span> <span class='ocrx_word' id='word_1_6' title='bbox 378 328 472 397; x_wconf 90' lang='lat' dir='ltr'>Cum.</span> <span class='ocrx_word' id='word_1_7' title='bbox 480 324 591 420; x_wconf 85' lang='lat' dir='ltr'>igitur,</span> <span class='ocrx_word' id='word_1_8' title='bbox 605 342 653 418; x_wconf 89' lang='lat' dir='ltr'>ut</span> <span class='ocrx_word' id='word_1_9' title='bbox 665 324 751 420; x_wconf 87' lang='lat' dir='ltr'>prius</span> <span class='ocrx_word' id='word_1_10' title='bbox 761 322 915 405; x_wconf 85' lang='lat' dir='ltr'>vidimus,</span> <span class='ocrx_word' id='word_1_11' title='bbox 941 328 1110 400; x_wconf 85' lang='lat' dir='ltr'>ViresSo·</span> <span class='ocrx_word' id='word_1_12' title='bbox 1170 314 1200 341; x_wconf 52' lang='lat'><em>³</em></span> 
     </span>
     <span class='ocr_line' id='line_1_3' title="bbox 124 418 1112 517; baseline 0 -21"><span class='ocrx_word' id='word_1_13' title='bbox 124 422 165 496; x_wconf 90' lang='lat' dir='ltr'>lis</span> <span class='ocrx_word' id='word_1_14' title='bbox 181 447 291 517; x_wconf 88' lang='lat' dir='ltr'>aquam</span> <span class='ocrx_word' id='word_1_15' title='bbox 314 418 357 495; x_wconf 89' lang='lat' dir='ltr'>ad</span> <span class='ocrx_word' id='word_1_16' title='bbox 376 419 576 495; x_wconf 84' lang='lat' dir='ltr'>altitudinem</span> <span class='ocrx_word' id='word_1_17' title='bbox 599 418 740 493; x_wconf 91' lang='lat' dir='ltr'>duorum</span> <span class='ocrx_word' id='word_1_18' title='bbox 759 420 825 494; x_wconf 89' lang='lat' dir='ltr'>fere</span> <span class='ocrx_word' id='word_1_19' title='bbox 846 419 969 495; x_wconf 87' lang='lat' dir='ltr'>Pedum</span> <span class='ocrx_word' id='word_1_20' title='bbox 987 424 1112 496; x_wconf 78' lang='lat' dir='ltr'>elevate</span> 
     </span>
     <span class='ocr_line' id='line_1_4' title="bbox 126 515 1110 616; baseline 0 -23"><span class='ocrx_word' id='word_1_21' title='bbox 126 520 269 601; x_wconf 87' lang='lat' dir='ltr'>debeant,</span> <span class='ocrx_word' id='word_1_22' title='bbox 295 521 390 593; x_wconf 88' lang='lat' dir='ltr'>Vires</span> <span class='ocrx_word' id='word_1_23' title='bbox 398 524 500 592; x_wconf 82' lang='lat' dir='ltr'>Lunae</span> <span class='ocrx_word' id='word_1_24' title='bbox 515 519 610 616; x_wconf 92' lang='lat' dir='ltr'>paulo</span> <span class='ocrx_word' id='word_1_25' title='bbox 626 515 791 615; x_wconf 89' lang='lat' dir='ltr'>plusquam</span> <span class='ocrx_word' id='word_1_26' title='bbox 804 518 934 616; x_wconf 88' lang='lat' dir='ltr'>secuplae</span> <span class='ocrx_word' id='word_1_27' title='bbox 949 521 1110 595; x_wconf 85' lang='lat' dir='ltr'>Solarium</span> 
     </span>
     <span class='ocr_line' id='line_1_5' title="bbox 128 613 1111 712; baseline -0.002 -23"><span class='ocrx_word' id='word_1_28' title='bbox 128 640 242 710; x_wconf 83' lang='lat' dir='ltr'>aquam</span> <span class='ocrx_word' id='word_1_29' title='bbox 263 613 304 688; x_wconf 87' lang='lat' dir='ltr'>ad</span> <span class='ocrx_word' id='word_1_30' title='bbox 321 616 521 689; x_wconf 77' lang='lat' dir='ltr'>altitudinem</span> <span class='ocrx_word' id='word_1_31' title='bbox 544 613 662 712; x_wconf 91' lang='lat' dir='ltr'>pedum</span> <span class='ocrx_word' id='word_1_32' title='bbox 691 640 743 686; x_wconf 88' lang='lat'>12.</span> <span class='ocrx_word' id='word_1_33' title='bbox 767 617 888 687; x_wconf 85' lang='lat' dir='ltr'>elevare</span> <span class='ocrx_word' id='word_1_34' title='bbox 908 615 1048 692; x_wconf 75' lang='lat' dir='ltr'>debente</span> <span class='ocrx_word' id='word_1_35' title='bbox 1073 616 1111 687; x_wconf 79' lang='lat' dir='ltr'>dc</span> 
     </span>
     <span class='ocr_line' id='line_1_6' title="bbox 126 711 1113 811; baseline -0.002 -22"><span class='ocrx_word' id='word_1_36' title='bbox 126 717 220 789; x_wconf 86' lang='lat' dir='ltr'>Vires</span> <span class='ocrx_word' id='word_1_37' title='bbox 237 716 420 786; x_wconf 88' lang='lat' dir='ltr'>Lunares&amp;</span> <span class='ocrx_word' id='word_1_38' title='bbox 440 714 558 784; x_wconf 87' lang='lat' dir='ltr'>Solares</span> <span class='ocrx_word' id='word_1_39' title='bbox 572 711 769 803; x_wconf 68' lang='lat' dir='ltr'>conjuudim</span> <span class='ocrx_word' id='word_1_40' title='bbox 783 713 970 811; x_wconf 79' lang='lat' dir='ltr'>insyzygiis</span> <span class='ocrx_word' id='word_1_41' title='bbox 981 713 1113 789; x_wconf 81' lang='lat' dir='ltr'>eandem</span> 
     </span>
     <span class='ocr_line' id='line_1_7' title="bbox 121 800 1108 908; baseline -0.001 -25"><span class='ocrx_word' id='word_1_42' title='bbox 121 809 165 883; x_wconf 87' lang='lat' dir='ltr'>ad</span> <span class='ocrx_word' id='word_1_43' title='bbox 178 807 273 907; x_wconf 89' lang='lat' dir='ltr'>pedes</span> <span class='ocrx_word' id='word_1_44' title='bbox 303 833 355 908; x_wconf 84' lang='lat'>14,</span> <span class='ocrx_word' id='word_1_45' title='bbox 380 812 411 881; x_wconf 92' lang='lat' dir='ltr'>in</span> <span class='ocrx_word' id='word_1_46' title='bbox 437 800 637 904; x_wconf 85' lang='lat' dir='ltr'>quadraturis</span> <span class='ocrx_word' id='word_1_47' title='bbox 657 808 697 881; x_wconf 90' lang='lat' dir='ltr'>ad</span> <span class='ocrx_word' id='word_1_48' title='bbox 723 805 817 906; x_wconf 88' lang='lat' dir='ltr'>pedes</span> <span class='ocrx_word' id='word_1_49' title='bbox 847 836 900 881; x_wconf 91' lang='lat'>10.</span> <span class='ocrx_word' id='word_1_50' title='bbox 925 812 1108 886; x_wconf 78' lang='lat' dir='ltr'>elevabunt.</span> 
     </span>
     <span class='ocr_line' id='line_1_8' title="bbox 121 905 1107 983; baseline -0.002 -2"><span class='ocrx_word' id='word_1_51' title='bbox 121 911 232 981; x_wconf 90' lang='lat' dir='ltr'>Tanta</span> <span class='ocrx_word' id='word_1_52' title='bbox 250 928 355 980; x_wconf 91' lang='lat' dir='ltr'>autem</span> <span class='ocrx_word' id='word_1_53' title='bbox 367 909 415 980; x_wconf 84' lang='lat' dir='ltr'>vis</span> <span class='ocrx_word' id='word_1_54' title='bbox 434 905 475 979; x_wconf 86' lang='lat' dir='ltr'>ad</span> <span class='ocrx_word' id='word_1_55' title='bbox 492 930 598 979; x_wconf 88' lang='lat' dir='ltr'>omnes</span> <span class='ocrx_word' id='word_1_56' title='bbox 614 906 707 978; x_wconf 89' lang='lat' dir='ltr'>maris</span> <span class='ocrx_word' id='word_1_57' title='bbox 725 927 832 979; x_wconf 87' lang='lat' dir='ltr'>motus</span> <span class='ocrx_word' id='word_1_58' title='bbox 846 908 1030 982; x_wconf 81' lang='lat' dir='ltr'>excitandos</span> <span class='ocrx_word' id='word_1_59' title='bbox 1050 907 1107 983; x_wconf 80' lang='lat' dir='ltr'>ab·</span> 
     </span>
     <span class='ocr_line' id='line_1_9' title="bbox 126 1001 1107 1172; baseline 0.001 -93"><span class='ocrx_word' id='word_1_60' title='bbox 126 1001 213 1079; x_wconf 88' lang='lat' dir='ltr'>uode</span> <span class='ocrx_word' id='word_1_61' title='bbox 246 1001 390 1086; x_wconf 84' lang='lat' dir='ltr'>sufficit3</span> <span class='ocrx_word' id='word_1_62' title='bbox 424 1010 459 1075; x_wconf 91' lang='lat'>&amp;</span> <span class='ocrx_word' id='word_1_63' title='bbox 484 1024 635 1076; x_wconf 90' lang='lat' dir='ltr'>motuum</span> <span class='ocrx_word' id='word_1_64' title='bbox 660 1004 831 1097; x_wconf 88' lang='lat' dir='ltr'>quantitati</span> <span class='ocrx_word' id='word_1_65' title='bbox 837 1007 937 1172; x_wconf 76' lang='lat' dir='ltr'>prius</span> <span class='ocrx_word' id='word_1_66' title='bbox 963 1005 1107 1081; x_wconf 80' lang='lat' dir='ltr'>definitae</span> 
     </span>
     <span class='ocr_line' id='line_1_10' title="bbox 119 1098 1107 1200; baseline 0.006 -27"><span class='ocrx_word' id='word_1_67' title='bbox 119 1101 225 1200; x_wconf 80' lang='lat' dir='ltr'>probe</span> <span class='ocrx_word' id='word_1_68' title='bbox 243 1099 408 1198; x_wconf 86' lang='lat' dir='ltr'>respondet</span> <span class='ocrx_word' id='word_1_69' title='bbox 419 1126 431 1182; x_wconf 83' lang='lat'><em>3</em></span> <span class='ocrx_word' id='word_1_70' title='bbox 459 1106 493 1170; x_wconf 91' lang='lat'>&amp;</span> <span class='ocrx_word' id='word_1_71' title='bbox 515 1122 581 1172; x_wconf 89' lang='lat' dir='ltr'>tam</span> <span class='ocrx_word' id='word_1_72' title='bbox 603 1101 701 1197; x_wconf 84' lang='lat' dir='ltr'>probe</span> <span class='ocrx_word' id='word_1_73' title='bbox 726 1098 835 1196; x_wconf 88' lang='lat' dir='ltr'>respon</span> <span class='ocrx_word' id='word_1_74' title='bbox 861 1101 944 1175; x_wconf 89' lang='lat' dir='ltr'>endo</span> <span class='ocrx_word' id='word_1_75' title='bbox 972 1101 1107 1179; x_wconf 81' lang='lat' dir='ltr'>astuum</span> 
     </span>
    </p>
   </div>
   <div class='ocr_carea' id='block_1_3' title="bbox 121 1193 972 1295">
    <p class='ocr_par' dir='ltr' id='par_1_3' title="bbox 121 1193 972 1295">
     <span class='ocr_line' id='line_1_11' title="bbox 121 1193 972 1295; baseline -0.002 -23"><span class='ocrx_word' id='word_1_76' title='bbox 121 1197 247 1272; x_wconf 87' lang='lat' dir='ltr'>eausam</span> <span class='ocrx_word' id='word_1_77' title='bbox 263 1198 348 1270; x_wconf 67' lang='lat' dir='ltr'>reste</span> <span class='ocrx_word' id='word_1_78' title='bbox 360 1196 414 1269; x_wconf 87' lang='lat' dir='ltr'>hic</span> <span class='ocrx_word' id='word_1_79' title='bbox 427 1193 606 1294; x_wconf 73' lang='lat' dir='ltr'>assignatam</span> <span class='ocrx_word' id='word_1_80' title='bbox 618 1194 677 1268; x_wconf 89' lang='lat' dir='ltr'>else</span> <span class='ocrx_word' id='word_1_81' title='bbox 691 1199 779 1295; x_wconf 89' lang='lat' dir='ltr'>plane</span> <span class='ocrx_word' id='word_1_82' title='bbox 794 1197 972 1271; x_wconf 87' lang='lat' dir='ltr'>confirmat.</span> 
     </span>
    </p>
   </div>
   <div class='ocr_carea' id='block_1_4' title="bbox 123 1318 1108 1515">
    <p class='ocr_par' dir='ltr' id='par_1_4' title="bbox 123 1318 1108 1515">
     <span class='ocr_line' id='line_1_12' title="bbox 175 1318 1108 1414; baseline 0.003 -22"><span class='ocrx_word' id='word_1_83' title='bbox 175 1323 274 1392; x_wconf 85' lang='lat' dir='ltr'>Carill.</span> <span class='ocrx_word' id='word_1_84' title='bbox 294 1322 364 1414; x_wconf 87' lang='lat'>(2.)</span> <span class='ocrx_word' id='word_1_85' title='bbox 392 1325 481 1392; x_wconf 91' lang='lat' dir='ltr'>Cum</span> <span class='ocrx_word' id='word_1_86' title='bbox 501 1321 550 1393; x_wconf 87' lang='lat' dir='ltr'>vis</span> <span class='ocrx_word' id='word_1_87' title='bbox 570 1324 670 1392; x_wconf 79' lang='lat' dir='ltr'>Luna</span> <span class='ocrx_word' id='word_1_88' title='bbox 695 1318 735 1391; x_wconf 92' lang='lat' dir='ltr'>ad</span> <span class='ocrx_word' id='word_1_89' title='bbox 755 1344 839 1391; x_wconf 85' lang='lat' dir='ltr'>mare</span> <span class='ocrx_word' id='word_1_90' title='bbox 851 1319 1048 1392; x_wconf 87' lang='lat' dir='ltr'>movendum</span> <span class='ocrx_word' id='word_1_91' title='bbox 1066 1320 1108 1395; x_wconf 90' lang='lat' dir='ltr'>sit</span> 
     </span>
     <span class='ocr_line' id='line_1_13' title="bbox 123 1414 1107 1515; baseline 0.001 -25"><span class='ocrx_word' id='word_1_92' title='bbox 123 1417 167 1490; x_wconf 92' lang='lat' dir='ltr'>ad</span> <span class='ocrx_word' id='word_1_93' title='bbox 185 1419 252 1491; x_wconf 91' lang='lat' dir='ltr'>vim</span> <span class='ocrx_word' id='word_1_94' title='bbox 268 1419 449 1515; x_wconf 68' lang='lat' dir='ltr'>gravitatis,</span> <span class='ocrx_word' id='word_1_95' title='bbox 467 1440 508 1487; x_wconf 85' lang='lat' dir='ltr'>ex</span> <span class='ocrx_word' id='word_1_96' title='bbox 520 1417 608 1514; x_wconf 92' lang='lat' dir='ltr'>prius</span> <span class='ocrx_word' id='word_1_97' title='bbox 622 1414 850 1496; x_wconf 86' lang='lat' dir='ltr'>demonstratis,</span> <span class='ocrx_word' id='word_1_98' title='bbox 875 1437 997 1488; x_wconf 87' lang='lat' dir='ltr'>tantum</span> <span class='ocrx_word' id='word_1_99' title='bbox 1019 1438 1056 1489; x_wconf 92' lang='lat' dir='ltr'>ut</span> <span class='ocrx_word' id='word_1_100' title='bbox 1075 1443 1107 1502; x_wconf 88' lang='lat' dir='ltr'>r,</span> 
     </span>
    </p>
   </div>
   <div class='ocr_carea' id='block_1_5' title="bbox 124 1510 1109 1615">
    <p class='ocr_par' dir='ltr' id='par_1_5' title="bbox 124 1510 1109 1615">
     <span class='ocr_line' id='line_1_14' title="bbox 124 1510 1109 1615; baseline 0 -28"><span class='ocrx_word' id='word_1_101' title='bbox 124 1516 168 1587; x_wconf 90' lang='lat' dir='ltr'>ad</span> <span class='ocrx_word' id='word_1_102' title='bbox 191 1512 391 1611; x_wconf 82' lang='lat' dir='ltr'>2.031.8ai;</span> <span class='ocrx_word' id='word_1_103' title='bbox 418 1511 617 1611; x_wconf 89' lang='lat' dir='ltr'>perspicuum</span> <span class='ocrx_word' id='word_1_104' title='bbox 636 1510 684 1586; x_wconf 92' lang='lat' dir='ltr'>est</span> <span class='ocrx_word' id='word_1_105' title='bbox 701 1512 793 1608; x_wconf 92' lang='lat' dir='ltr'>quod</span> <span class='ocrx_word' id='word_1_106' title='bbox 813 1514 861 1584; x_wconf 90' lang='lat' dir='ltr'>vis</span> <span class='ocrx_word' id='word_1_107' title='bbox 887 1517 937 1586; x_wconf 87' lang='lat' dir='ltr'>illa</span> <span class='ocrx_word' id='word_1_108' title='bbox 956 1512 996 1587; x_wconf 91' lang='lat' dir='ltr'>sit</span> <span class='ocrx_word' id='word_1_109' title='bbox 1013 1515 1109 1615; x_wconf 84' lang='lat' dir='ltr'>louge</span> 
     </span>
    </p>
   </div>
   <div class='ocr_carea' id='block_1_6' title="bbox 120 1657 1109 2058">
    <p class='ocr_par' dir='ltr' id='par_1_6' title="bbox 120 1657 1109 2058">
     <span class='ocr_line' id='line_1_15' title="bbox 123 1657 1108 1763; baseline 0 -23"><span class='ocrx_word' id='word_1_110' title='bbox 123 1668 230 1755; x_wconf 87' lang='lat' dir='ltr'>mitior</span> <span class='ocrx_word' id='word_1_111' title='bbox 249 1692 345 1762; x_wconf 91' lang='lat' dir='ltr'>quam</span> <span class='ocrx_word' id='word_1_112' title='bbox 357 1689 431 1761; x_wconf 85' lang='lat' dir='ltr'>quae</span> <span class='ocrx_word' id='word_1_113' title='bbox 450 1665 502 1737; x_wconf 92' lang='lat' dir='ltr'>vel</span> <span class='ocrx_word' id='word_1_114' title='bbox 513 1665 544 1736; x_wconf 91' lang='lat' dir='ltr'>in</span> <span class='ocrx_word' id='word_1_115' title='bbox 557 1657 791 1763; x_wconf 83' lang='lat' dir='ltr'>Experimentis</span> <span class='ocrx_word' id='word_1_116' title='bbox 807 1666 1035 1749; x_wconf 88' lang='lat' dir='ltr'>Pendulorum,</span> <span class='ocrx_word' id='word_1_117' title='bbox 1053 1667 1108 1740; x_wconf 91' lang='lat' dir='ltr'>vel</span> 
     </span>
     <span class='ocr_line' id='line_1_16' title="bbox 120 1759 1109 1862; baseline -0.004 -23"><span class='ocrx_word' id='word_1_118' title='bbox 120 1766 157 1839; x_wconf 88' lang='lat' dir='ltr'>iri</span> <span class='ocrx_word' id='word_1_119' title='bbox 179 1767 314 1845; x_wconf 85' lang='lat' dir='ltr'>Staticis,</span> <span class='ocrx_word' id='word_1_120' title='bbox 339 1784 393 1837; x_wconf 88' lang='lat' dir='ltr'>aut</span> <span class='ocrx_word' id='word_1_121' title='bbox 413 1759 651 1859; x_wconf 88' lang='lat' dir='ltr'>Hydrostaticis</span> <span class='ocrx_word' id='word_1_122' title='bbox 666 1761 909 1857; x_wconf 88' lang='lat' dir='ltr'>quibuscunque</span> <span class='ocrx_word' id='word_1_123' title='bbox 920 1760 1026 1836; x_wconf 89' lang='lat' dir='ltr'>sentiri</span> <span class='ocrx_word' id='word_1_124' title='bbox 1036 1762 1109 1862; x_wconf 87' lang='lat' dir='ltr'>pos·</span> 
     </span>
     <span class='ocr_line' id='line_1_17' title="bbox 124 1856 1106 1939; baseline 0.002 -6"><span class='ocrx_word' id='word_1_125' title='bbox 124 1861 180 1934; x_wconf 91' lang='lat' dir='ltr'>sit.</span> <span class='ocrx_word' id='word_1_126' title='bbox 228 1869 266 1935; x_wconf 93' lang='lat' dir='ltr'>In</span> <span class='ocrx_word' id='word_1_127' title='bbox 279 1860 357 1933; x_wconf 81' lang='lat' dir='ltr'>aestu</span> <span class='ocrx_word' id='word_1_128' title='bbox 373 1861 496 1932; x_wconf 90' lang='lat' dir='ltr'>marino</span> <span class='ocrx_word' id='word_1_129' title='bbox 510 1858 578 1932; x_wconf 87' lang='lat' dir='ltr'>solo.</span> <span class='ocrx_word' id='word_1_130' title='bbox 599 1857 668 1939; x_wconf 84' lang='lat' dir='ltr'>haec</span> <span class='ocrx_word' id='word_1_131' title='bbox 687 1862 737 1932; x_wconf 91' lang='lat' dir='ltr'>vis</span> <span class='ocrx_word' id='word_1_132' title='bbox 759 1856 933 1934; x_wconf 77' lang='lat' dir='ltr'>sensibilem</span> <span class='ocrx_word' id='word_1_133' title='bbox 948 1859 1106 1935; x_wconf 68' lang='lat' dir='ltr'>effectum</span> 
     </span>
     <span class='ocr_line' id='line_1_18' title="bbox 123 1956 345 2058; baseline -0.005 -27"><span class='ocrx_word' id='word_1_134' title='bbox 123 1957 219 2032; x_wconf 89' lang='lat' dir='ltr'>edere</span> <span class='ocrx_word' id='word_1_135' title='bbox 231 1956 345 2058; x_wconf 89' lang='lat' dir='ltr'>potest.</span> 
     </span>
    </p>
   </div>
   <div class='ocr_carea' id='block_1_7' title="bbox 108 2072 1108 4018">
    <p class='ocr_par' dir='ltr' id='par_1_7' title="bbox 113 2072 1108 3819">
     <span class='ocr_line' id='line_1_19' title="bbox 117 2072 1107 2172; baseline 0.009 -32"><span class='ocrx_word' id='word_1_136' title='bbox 117 2130 125 2140; x_wconf 87' lang='lat'><strong>.</strong></span> <span class='ocrx_word' id='word_1_137' title='bbox 180 2073 278 2144; x_wconf 71' lang='lat' dir='ltr'>caron</span> <span class='ocrx_word' id='word_1_138' title='bbox 298 2087 366 2172; x_wconf 82' lang='lat'><strong>(3.)</strong></span> <span class='ocrx_word' id='word_1_139' title='bbox 395 2079 555 2171; x_wconf 83' lang='lat' dir='ltr'>Qioniam</span> <span class='ocrx_word' id='word_1_140' title='bbox 585 2078 646 2151; x_wconf 89' lang='lat' dir='ltr'>Vis</span> <span class='ocrx_word' id='word_1_141' title='bbox 671 2082 772 2150; x_wconf 77' lang='lat' dir='ltr'>Luna</span> <span class='ocrx_word' id='word_1_142' title='bbox 798 2072 839 2150; x_wconf 88' lang='lat' dir='ltr'>ad</span> <span class='ocrx_word' id='word_1_143' title='bbox 865 2102 950 2150; x_wconf 90' lang='lat' dir='ltr'>mare</span> <span class='ocrx_word' id='word_1_144' title='bbox 974 2101 1107 2150; x_wconf 88' lang='lat' dir='ltr'>moven-</span> 
     </span>
     <span class='ocr_line' id='line_1_20' title="bbox 120 2162 1107 2274; baseline 0.001 -28"><span class='ocrx_word' id='word_1_145' title='bbox 120 2162 221 2274; x_wconf 59' lang='lat' dir='ltr'>dUssji</span> <span class='ocrx_word' id='word_1_146' title='bbox 243 2170 290 2243; x_wconf 89' lang='lat' dir='ltr'>est</span> <span class='ocrx_word' id='word_1_147' title='bbox 308 2172 353 2257; x_wconf 57' lang='lat' dir='ltr'>ad,</span> <span class='ocrx_word' id='word_1_148' title='bbox 368 2176 446 2246; x_wconf 88' lang='lat' dir='ltr'>Solis</span> <span class='ocrx_word' id='word_1_149' title='bbox 460 2177 528 2246; x_wconf 91' lang='lat' dir='ltr'>vim</span> <span class='ocrx_word' id='word_1_150' title='bbox 544 2172 739 2248; x_wconf 85' lang='lat' dir='ltr'>consimilem</span> <span class='ocrx_word' id='word_1_151' title='bbox 761 2195 799 2247; x_wconf 94' lang='lat' dir='ltr'>ut</span> <span class='ocrx_word' id='word_1_152' title='bbox 817 2186 840 2245; x_wconf 92' lang='lat'>6</span> <span class='ocrx_word' id='word_1_153' title='bbox 844 2176 855 2265; x_wconf 69' lang='grc' dir='ltr'><strong><em>ξ</em></strong></span> <span class='ocrx_word' id='word_1_154' title='bbox 885 2174 925 2247; x_wconf 91' lang='lat' dir='ltr'>ad</span> <span class='ocrx_word' id='word_1_155' title='bbox 945 2201 958 2246; x_wconf 91' lang='lat' dir='ltr'>i</span> <span class='ocrx_word' id='word_1_156' title='bbox 968 2202 980 2258; x_wconf 85' lang='lat'>3</span> <span class='ocrx_word' id='word_1_157' title='bbox 1008 2180 1042 2246; x_wconf 76' lang='lat' dir='ltr'>dc</span> <span class='ocrx_word' id='word_1_158' title='bbox 1055 2175 1107 2247; x_wconf 90' lang='lat' dir='ltr'>vi·</span> 
     </span>
     <span class='ocr_line' id='line_1_21' title="bbox 121 2264 1108 2370; baseline 0.011 -39"><span class='ocrx_word' id='word_1_159' title='bbox 121 2286 173 2332; x_wconf 89' lang='lat' dir='ltr'>res</span> <span class='ocrx_word' id='word_1_160' title='bbox 189 2264 250 2337; x_wconf 84' lang='lat' dir='ltr'>illae</span> <span class='ocrx_word' id='word_1_161' title='bbox 274 2269 345 2342; x_wconf 92' lang='lat' dir='ltr'>sunt</span> <span class='ocrx_word' id='word_1_162' title='bbox 367 2292 405 2360; x_wconf 86' lang='lat' dir='ltr'>ut</span> <span class='ocrx_word' id='word_1_163' title='bbox 425 2268 591 2343; x_wconf 76' lang='lat' dir='ltr'>densitates</span> <span class='ocrx_word' id='word_1_164' title='bbox 619 2297 801 2370; x_wconf 86' lang='lat' dir='ltr'>corporum,</span> <span class='ocrx_word' id='word_1_165' title='bbox 829 2269 894 2343; x_wconf 90' lang='lat' dir='ltr'>sive</span> <span class='ocrx_word' id='word_1_166' title='bbox 918 2273 1108 2366; x_wconf 77' lang='lat' dir='ltr'>quantitates</span> 
     </span>
     <span class='ocr_line' id='line_1_22' title="bbox 123 2363 1107 2464; baseline 0.012 -37"><span class='ocrx_word' id='word_1_167' title='bbox 123 2363 265 2434; x_wconf 78' lang='lat' dir='ltr'>materia</span> <span class='ocrx_word' id='word_1_168' title='bbox 283 2369 395 2459; x_wconf 79' lang='lat' dir='ltr'>aquali</span> <span class='ocrx_word' id='word_1_169' title='bbox 413 2365 511 2464; x_wconf 86' lang='lat' dir='ltr'>spatio</span> <span class='ocrx_word' id='word_1_170' title='bbox 539 2390 707 2449; x_wconf 87' lang='lat' dir='ltr'>contentae,</span> <span class='ocrx_word' id='word_1_171' title='bbox 733 2376 766 2440; x_wconf 90' lang='lat'>&amp;</span> <span class='ocrx_word' id='word_1_172' title='bbox 787 2389 824 2440; x_wconf 93' lang='lat' dir='ltr'>ut</span> <span class='ocrx_word' id='word_1_173' title='bbox 849 2368 926 2440; x_wconf 91' lang='lat' dir='ltr'>cubi</span> <span class='ocrx_word' id='word_1_174' title='bbox 946 2365 1107 2442; x_wconf 85' lang='lat' dir='ltr'>distantia·</span> 
     </span>
     <span class='ocr_line' id='line_1_23' title="bbox 123 2456 1108 2563; baseline 0.012 -38"><span class='ocrx_word' id='word_1_175' title='bbox 123 2479 199 2528; x_wconf 85' lang='lat' dir='ltr'>runi</span> <span class='ocrx_word' id='word_1_176' title='bbox 218 2456 282 2533; x_wconf 87' lang='lat' dir='ltr'>sive</span> <span class='ocrx_word' id='word_1_177' title='bbox 302 2461 529 2540; x_wconf 83' lang='lat' dir='ltr'>diametrorum</span> <span class='ocrx_word' id='word_1_178' title='bbox 553 2465 766 2555; x_wconf 70' lang='lat' dir='ltr'>conjunctim:</span> <span class='ocrx_word' id='word_1_179' title='bbox 792 2464 853 2562; x_wconf 90' lang='lat' dir='ltr'>ipsa</span> <span class='ocrx_word' id='word_1_180' title='bbox 871 2468 954 2536; x_wconf 91' lang='lat' dir='ltr'>enim</span> <span class='ocrx_word' id='word_1_181' title='bbox 976 2491 1108 2563; x_wconf 89' lang='lat' dir='ltr'>corpora</span> 
     </span>
     <span class='ocr_line' id='line_1_24' title="bbox 117 2555 1106 2646; baseline 0.009 -23"><span class='ocrx_word' id='word_1_182' title='bbox 117 2575 215 2646; x_wconf 85' lang='lat' dir='ltr'>-aeque</span> <span class='ocrx_word' id='word_1_183' title='bbox 235 2555 326 2632; x_wconf 86' lang='lat' dir='ltr'>densa</span> <span class='ocrx_word' id='word_1_184' title='bbox 337 2560 409 2633; x_wconf 91' lang='lat' dir='ltr'>sunt</span> <span class='ocrx_word' id='word_1_185' title='bbox 427 2584 463 2634; x_wconf 92' lang='lat' dir='ltr'>ut</span> <span class='ocrx_word' id='word_1_186' title='bbox 479 2563 556 2634; x_wconf 93' lang='lat' dir='ltr'>cubi</span> <span class='ocrx_word' id='word_1_187' title='bbox 574 2562 804 2635; x_wconf 88' lang='lat' dir='ltr'>diametrorum</span> <span class='ocrx_word' id='word_1_188' title='bbox 815 2587 959 2635; x_wconf 88' lang='lat' dir='ltr'>verarum</span> <span class='ocrx_word' id='word_1_189' title='bbox 971 2561 1106 2642; x_wconf 75' lang='lat' dir='ltr'>directe,</span> 
     </span>
     <span class='ocr_line' id='line_1_25' title="bbox 124 2647 1106 2756; baseline 0.01 -36"><span class='ocrx_word' id='word_1_190' title='bbox 124 2647 167 2722; x_wconf 80' lang='lat' dir='ltr'>ad</span> <span class='ocrx_word' id='word_1_191' title='bbox 185 2651 314 2727; x_wconf 89' lang='lat' dir='ltr'>eandem</span> <span class='ocrx_word' id='word_1_192' title='bbox 332 2681 442 2756; x_wconf 91' lang='lat' dir='ltr'>nempe</span> <span class='ocrx_word' id='word_1_193' title='bbox 456 2657 653 2732; x_wconf 74' lang='lat' dir='ltr'>distantiamz</span> <span class='ocrx_word' id='word_1_194' title='bbox 680 2665 714 2729; x_wconf 74' lang='grc' dir='ltr'>δι</span> <span class='ocrx_word' id='word_1_195' title='bbox 735 2661 814 2730; x_wconf 87' lang='lat' dir='ltr'>vires</span> <span class='ocrx_word' id='word_1_196' title='bbox 831 2661 980 2731; x_wconf 86' lang='lat' dir='ltr'>motiices</span> <span class='ocrx_word' id='word_1_197' title='bbox 993 2661 1025 2732; x_wconf 89' lang='lat' dir='ltr'>iii</span> <span class='ocrx_word' id='word_1_198' title='bbox 1040 2655 1106 2730; x_wconf 86' lang='lat' dir='ltr'>hoe</span> 
     </span>
     <span class='ocr_line' id='line_1_26' title="bbox 124 2745 1107 2852; baseline 0.009 -34"><span class='ocrx_word' id='word_1_199' title='bbox 124 2745 197 2819; x_wconf 86' lang='lat' dir='ltr'>casu</span> <span class='ocrx_word' id='word_1_200' title='bbox 216 2749 286 2824; x_wconf 92' lang='lat' dir='ltr'>sunt</span> <span class='ocrx_word' id='word_1_201' title='bbox 298 2756 393 2826; x_wconf 87' lang='lat' dir='ltr'>etiam</span> <span class='ocrx_word' id='word_1_202' title='bbox 405 2777 441 2827; x_wconf 93' lang='lat' dir='ltr'>ut</span> <span class='ocrx_word' id='word_1_203' title='bbox 456 2755 533 2827; x_wconf 91' lang='lat' dir='ltr'>cubi</span> <span class='ocrx_word' id='word_1_204' title='bbox 547 2755 765 2830; x_wconf 89' lang='lat' dir='ltr'>distantiarum</span> <span class='ocrx_word' id='word_1_205' title='bbox 783 2758 956 2852; x_wconf 87' lang='lat' dir='ltr'>reciproce,</span> <span class='ocrx_word' id='word_1_206' title='bbox 981 2752 1047 2828; x_wconf 85' lang='lat' dir='ltr'>sive</span> <span class='ocrx_word' id='word_1_207' title='bbox 1067 2775 1107 2827; x_wconf 90' lang='lat' dir='ltr'>ut</span> 
     </span>
     <span class='ocr_line' id='line_1_27' title="bbox 123 2844 1107 2951; baseline 0.005 -32"><span class='ocrx_word' id='word_1_208' title='bbox 123 2844 353 2924; x_wconf 89' lang='lat' dir='ltr'>diametrorum</span> <span class='ocrx_word' id='word_1_209' title='bbox 365 2855 580 2949; x_wconf 88' lang='lat' dir='ltr'>apparentium</span> <span class='ocrx_word' id='word_1_210' title='bbox 589 2853 664 2925; x_wconf 90' lang='lat' dir='ltr'>cubi</span> <span class='ocrx_word' id='word_1_211' title='bbox 677 2851 814 2935; x_wconf 71' lang='lat' dir='ltr'>direde3</span> <span class='ocrx_word' id='word_1_212' title='bbox 836 2874 931 2945; x_wconf 89' lang='lat' dir='ltr'>atque</span> <span class='ocrx_word' id='word_1_213' title='bbox 943 2850 1023 2924; x_wconf 85' lang='lat' dir='ltr'>adeo</span> <span class='ocrx_word' id='word_1_214' title='bbox 1033 2877 1107 2951; x_wconf 90' lang='lat' dir='ltr'>per-</span> 
     </span>
     <span class='ocr_line' id='line_1_28' title="bbox 124 2939 1107 3047; baseline 0.003 -31"><span class='ocrx_word' id='word_1_215' title='bbox 124 2939 200 3016; x_wconf 90' lang='lat' dir='ltr'>inde</span> <span class='ocrx_word' id='word_1_216' title='bbox 218 2943 265 3016; x_wconf 89' lang='lat' dir='ltr'>est</span> <span class='ocrx_word' id='word_1_217' title='bbox 279 2944 413 3023; x_wconf 50' lang='lat' dir='ltr'>fivessol</span> <span class='ocrx_word' id='word_1_218' title='bbox 433 2953 561 3047; x_wconf 87' lang='lat' dir='ltr'>propius</span> <span class='ocrx_word' id='word_1_219' title='bbox 585 2948 624 3023; x_wconf 91' lang='lat' dir='ltr'>sit</span> <span class='ocrx_word' id='word_1_220' title='bbox 648 2948 713 3022; x_wconf 87' lang='lat' dir='ltr'>sive</span> <span class='ocrx_word' id='word_1_221' title='bbox 735 2951 898 3030; x_wconf 83' lang='lat' dir='ltr'>remotius,</span> <span class='ocrx_word' id='word_1_222' title='bbox 923 2945 989 3021; x_wconf 88' lang='lat' dir='ltr'>sive</span> <span class='ocrx_word' id='word_1_223' title='bbox 1004 2949 1107 3041; x_wconf 75' lang='lat' dir='ltr'>maim</span> 
     </span>
     <span class='ocr_line' id='line_1_29' title="bbox 126 3037 1107 3144; baseline 0.004 -30"><span class='ocrx_word' id='word_1_224' title='bbox 126 3040 167 3115; x_wconf 80' lang='lat' dir='ltr'>lit</span> <span class='ocrx_word' id='word_1_225' title='bbox 179 3037 246 3114; x_wconf 92' lang='lat' dir='ltr'>sive</span> <span class='ocrx_word' id='word_1_226' title='bbox 257 3046 371 3126; x_wconf 87' lang='lat' dir='ltr'>minor,</span> <span class='ocrx_word' id='word_1_227' title='bbox 395 3044 495 3119; x_wconf 92' lang='lat' dir='ltr'>modo</span> <span class='ocrx_word' id='word_1_228' title='bbox 507 3045 660 3121; x_wconf 90' lang='lat' dir='ltr'>diameter</span> <span class='ocrx_word' id='word_1_229' title='bbox 678 3068 823 3144; x_wconf 84' lang='lat' dir='ltr'>apparens</span> <span class='ocrx_word' id='word_1_230' title='bbox 838 3068 923 3119; x_wconf 87' lang='lat' dir='ltr'>certa</span> <span class='ocrx_word' id='word_1_231' title='bbox 936 3044 976 3119; x_wconf 90' lang='lat' dir='ltr'>sit</span> <span class='ocrx_word' id='word_1_232' title='bbox 996 3074 1032 3120; x_wconf 92' lang='lat' dir='ltr'>ac</span> <span class='ocrx_word' id='word_1_233' title='bbox 1048 3047 1107 3120; x_wconf 90' lang='lat' dir='ltr'>de·</span> 
     </span>
     <span class='ocr_line' id='line_1_30' title="bbox 125 3141 1106 3237; baseline 0.002 -24"><span class='ocrx_word' id='word_1_234' title='bbox 125 3141 303 3214; x_wconf 85' lang='lat' dir='ltr'>terminata.</span> <span class='ocrx_word' id='word_1_235' title='bbox 351 3146 426 3216; x_wconf 89' lang='lat' dir='ltr'>Erit</span> <span class='ocrx_word' id='word_1_236' title='bbox 440 3146 546 3237; x_wconf 84' lang='lat' dir='ltr'>itaque</span> <span class='ocrx_word' id='word_1_237' title='bbox 567 3142 700 3218; x_wconf 89' lang='lat' dir='ltr'>densitas</span> <span class='ocrx_word' id='word_1_238' title='bbox 722 3150 834 3223; x_wconf 81' lang='lat' dir='ltr'>Luna,</span> <span class='ocrx_word' id='word_1_239' title='bbox 859 3142 899 3216; x_wconf 91' lang='lat' dir='ltr'>ad</span> <span class='ocrx_word' id='word_1_240' title='bbox 917 3142 1106 3217; x_wconf 85' lang='lat' dir='ltr'>densitatem</span> 
     </span>
     <span class='ocr_line' id='line_1_31' title="bbox 127 3237 1108 3332; baseline 0 -21"><span class='ocrx_word' id='word_1_241' title='bbox 127 3240 219 3317; x_wconf 85' lang='lat' dir='ltr'>Solis,</span> <span class='ocrx_word' id='word_1_242' title='bbox 244 3259 281 3311; x_wconf 93' lang='lat' dir='ltr'>ut</span> <span class='ocrx_word' id='word_1_243' title='bbox 291 3237 423 3313; x_wconf 72' lang='lat' dir='ltr'>effeetus</span> <span class='ocrx_word' id='word_1_244' title='bbox 433 3267 445 3322; x_wconf 91' lang='lat'>;</span> <span class='ocrx_word' id='word_1_245' title='bbox 474 3239 540 3312; x_wconf 89' lang='lat' dir='ltr'>five</span> <span class='ocrx_word' id='word_1_246' title='bbox 555 3263 592 3313; x_wconf 92' lang='lat' dir='ltr'>ut</span> <span class='ocrx_word' id='word_1_247' title='bbox 607 3245 664 3332; x_wconf 73' lang='lat' dir='ltr'>⁶i⁵</span> <span class='ocrx_word' id='word_1_248' title='bbox 688 3239 728 3312; x_wconf 90' lang='lat' dir='ltr'>ad</span> <span class='ocrx_word' id='word_1_249' title='bbox 745 3268 783 3324; x_wconf 80' lang='lat'>13</span> <span class='ocrx_word' id='word_1_250' title='bbox 811 3248 844 3312; x_wconf 86' lang='lat'>&amp;</span> <span class='ocrx_word' id='word_1_251' title='bbox 860 3263 898 3312; x_wconf 91' lang='lat' dir='ltr'>ut</span> <span class='ocrx_word' id='word_1_252' title='bbox 910 3238 1022 3312; x_wconf 87' lang='lat' dir='ltr'>Cubus</span> <span class='ocrx_word' id='word_1_253' title='bbox 1036 3238 1108 3312; x_wconf 90' lang='lat' dir='ltr'>dia·</span> 
     </span>
     <span class='ocr_line' id='line_1_32' title="bbox 123 3336 1106 3434; baseline 0.003 -28"><span class='ocrx_word' id='word_1_254' title='bbox 123 3340 218 3407; x_wconf 86' lang='lat' dir='ltr'>metri</span> <span class='ocrx_word' id='word_1_255' title='bbox 230 3340 400 3434; x_wconf 87' lang='lat' dir='ltr'>apparentis</span> <span class='ocrx_word' id='word_1_256' title='bbox 420 3342 532 3418; x_wconf 78' lang='lat' dir='ltr'>Luna,</span> <span class='ocrx_word' id='word_1_257' title='bbox 558 3338 598 3411; x_wconf 87' lang='lat' dir='ltr'>ad</span> <span class='ocrx_word' id='word_1_258' title='bbox 612 3338 747 3431; x_wconf 82' lang='lat' dir='ltr'>Cubum</span> <span class='ocrx_word' id='word_1_259' title='bbox 768 3336 914 3409; x_wconf 84' lang='lat' dir='ltr'>diametri</span> <span class='ocrx_word' id='word_1_260' title='bbox 934 3339 1106 3434; x_wconf 86' lang='lat' dir='ltr'>apparentis</span> 
     </span>
     <span class='ocr_line' id='line_1_33' title="bbox 115 3433 1105 3530; baseline 0.003 -27"><span class='ocrx_word' id='word_1_261' title='bbox 115 3433 214 3514; x_wconf 87' lang='lat' dir='ltr'>-Solis,</span> <span class='ocrx_word' id='word_1_262' title='bbox 238 3433 302 3505; x_wconf 91' lang='lat' dir='ltr'>hoc</span> <span class='ocrx_word' id='word_1_263' title='bbox 316 3434 373 3516; x_wconf 89' lang='lat' dir='ltr'>est,</span> <span class='ocrx_word' id='word_1_264' title='bbox 399 3456 436 3507; x_wconf 92' lang='lat' dir='ltr'>ut</span> <span class='ocrx_word' id='word_1_265' title='bbox 450 3437 488 3526; x_wconf 77' lang='lat'>6}</span> <span class='ocrx_word' id='word_1_266' title='bbox 514 3433 554 3507; x_wconf 89' lang='lat' dir='ltr'>ad</span> <span class='ocrx_word' id='word_1_267' title='bbox 574 3462 609 3519; x_wconf 86' lang='lat'>13</span> <span class='ocrx_word' id='word_1_268' title='bbox 638 3443 672 3507; x_wconf 90' lang='lat'>&amp;</span> <span class='ocrx_word' id='word_1_269' title='bbox 690 3457 727 3507; x_wconf 93' lang='lat' dir='ltr'>ut</span> <span class='ocrx_word' id='word_1_270' title='bbox 739 3460 822 3528; x_wconf 88' lang='lat'>720,</span> <span class='ocrx_word' id='word_1_271' title='bbox 837 3433 876 3506; x_wconf 92' lang='lat' dir='ltr'>ad</span> <span class='ocrx_word' id='word_1_272' title='bbox 890 3446 955 3530; x_wconf 85' lang='lat'>672</span> <span class='ocrx_word' id='word_1_273' title='bbox 970 3434 1105 3524; x_wconf 86' lang='lat' dir='ltr'>conjun-</span> 
     </span>
     <span class='ocr_line' id='line_1_34' title="bbox 125 3530 1107 3629; baseline 0.002 -26"><span class='ocrx_word' id='word_1_274' title='bbox 125 3532 170 3603; x_wconf 67' lang='grc' dir='ltr'>θ’</span> <span class='ocrx_word' id='word_1_275' title='bbox 221 3530 692 3629; x_wconf 63' lang='lat' dir='ltr'>:63x720ad1x67n</span> <span class='ocrx_word' id='word_1_276' title='bbox 719 3531 784 3605; x_wconf 87' lang='lat' dir='ltr'>live</span> <span class='ocrx_word' id='word_1_277' title='bbox 802 3553 840 3602; x_wconf 91' lang='lat' dir='ltr'>ut</span> <span class='ocrx_word' id='word_1_278' title='bbox 856 3558 899 3628; x_wconf 83' lang='lat'>34</span> <span class='ocrx_word' id='word_1_279' title='bbox 916 3532 957 3606; x_wconf 91' lang='lat' dir='ltr'>ad</span> <span class='ocrx_word' id='word_1_280' title='bbox 978 3556 1008 3624; x_wconf 83' lang='lat'>5.</span> <span class='ocrx_word' id='word_1_281' title='bbox 1025 3531 1107 3605; x_wconf 77' lang='lat' dir='ltr'>fere.</span> 
     </span>
     <span class='ocr_line' id='line_1_35' title="bbox 113 3557 1108 3710; baseline 0.002 -9"><span class='ocrx_word' id='word_1_282' title='bbox 113 3557 256 3701; x_wconf 78' lang='lat' dir='ltr'>-deiilitas</span> <span class='ocrx_word' id='word_1_283' title='bbox 271 3651 378 3701; x_wconf 85' lang='lat' dir='ltr'>autem</span> <span class='ocrx_word' id='word_1_284' title='bbox 389 3632 466 3701; x_wconf 84' lang='lat' dir='ltr'>Solis</span> <span class='ocrx_word' id='word_1_285' title='bbox 483 3627 528 3700; x_wconf 92' lang='lat' dir='ltr'>est</span> <span class='ocrx_word' id='word_1_286' title='bbox 541 3628 580 3701; x_wconf 87' lang='lat' dir='ltr'>ad</span> <span class='ocrx_word' id='word_1_287' title='bbox 591 3629 776 3704; x_wconf 90' lang='lat' dir='ltr'>densitatem</span> <span class='ocrx_word' id='word_1_288' title='bbox 790 3634 916 3710; x_wconf 78' lang='lat' dir='ltr'>Terra,</span> <span class='ocrx_word' id='word_1_289' title='bbox 941 3651 977 3701; x_wconf 92' lang='lat' dir='ltr'>ut</span> <span class='ocrx_word' id='word_1_290' title='bbox 990 3655 1053 3701; x_wconf 89' lang='lat'>100</span> <span class='ocrx_word' id='word_1_291' title='bbox 1065 3628 1108 3703; x_wconf 89' lang='lat' dir='ltr'>ad</span> 
     </span>
     <span class='ocr_line' id='line_1_36' title="bbox 113 3723 1106 3819; baseline 0.005 -24"><span class='ocrx_word' id='word_1_292' title='bbox 113 3726 206 3818; x_wconf 79' lang='lat'><strong>·387.</strong></span> <span class='ocrx_word' id='word_1_293' title='bbox 255 3730 329 3799; x_wconf 88' lang='lat' dir='ltr'>Erit</span> <span class='ocrx_word' id='word_1_294' title='bbox 342 3729 449 3819; x_wconf 87' lang='lat' dir='ltr'>iraque</span> <span class='ocrx_word' id='word_1_295' title='bbox 459 3725 591 3800; x_wconf 88' lang='lat' dir='ltr'>densitas</span> <span class='ocrx_word' id='word_1_296' title='bbox 601 3735 714 3808; x_wconf 80' lang='lat' dir='ltr'>Luna,</span> <span class='ocrx_word' id='word_1_297' title='bbox 727 3727 766 3800; x_wconf 90' lang='lat' dir='ltr'>ad</span> <span class='ocrx_word' id='word_1_298' title='bbox 778 3723 962 3801; x_wconf 89' lang='lat' dir='ltr'>densitatem</span> <span class='ocrx_word' id='word_1_299' title='bbox 979 3732 1106 3810; x_wconf 81' lang='lat' dir='ltr'>Terra,</span> 
     </span>
    </p>

    <p class='ocr_par' dir='ltr' id='par_1_8' title="bbox 108 3823 1107 4018">
     <span class='ocr_line' id='line_1_37' title="bbox 128 3823 1107 3923; baseline 0.004 -31"><span class='ocrx_word' id='word_1_300' title='bbox 128 3841 168 3893; x_wconf 91' lang='lat' dir='ltr'>ut</span> <span class='ocrx_word' id='word_1_301' title='bbox 179 3848 200 3910; x_wconf 86' lang='lat'>9</span> <span class='ocrx_word' id='word_1_302' title='bbox 219 3823 259 3897; x_wconf 91' lang='lat' dir='ltr'>ad</span> <span class='ocrx_word' id='word_1_303' title='bbox 278 3847 408 3919; x_wconf 47' lang='lat' dir='ltr'>51quam</span> <span class='ocrx_word' id='word_1_304' title='bbox 426 3827 595 3922; x_wconf 85' lang='lat' dir='ltr'>proxime:</span> <span class='ocrx_word' id='word_1_305' title='bbox 624 3823 689 3899; x_wconf 91' lang='lat' dir='ltr'>sive</span> <span class='ocrx_word' id='word_1_306' title='bbox 705 3825 770 3898; x_wconf 89' lang='lat' dir='ltr'>sere</span> <span class='ocrx_word' id='word_1_307' title='bbox 783 3824 889 3923; x_wconf 89' lang='lat' dir='ltr'>dupla.</span> <span class='ocrx_word' id='word_1_308' title='bbox 928 3823 988 3898; x_wconf 90' lang='lat' dir='ltr'>Est</span> <span class='ocrx_word' id='word_1_309' title='bbox 1007 3827 1107 3922; x_wconf 84' lang='lat' dir='ltr'>igitur</span> 
     </span>
     <span class='ocr_line' id='line_1_38' title="bbox 108 3943 1105 4018; baseline 0.008 -31"><span class='ocrx_word' id='word_1_310' title='bbox 108 3958 112 3965; x_wconf 94' lang='lat'>-</span> <span class='ocrx_word' id='word_1_311' title='bbox 991 3943 1105 4018; x_wconf 84' lang='lat' dir='ltr'>corpus</span> 
     </span>
    </p>
   </div>
   <div class='ocr_carea' id='block_1_8' title="bbox 0 0 1247 4366">
    <p class='ocr_par' dir='ltr' id='par_1_9' title="bbox 0 0 1247 4366">
     <span class='ocr_line' id='line_1_39' title="bbox 0 0 1247 4366; baseline 0 0"><span class='ocrx_word' id='word_1_312' title='bbox 0 0 1247 4366; x_wconf 95' lang='lat' dir='ltr'> </span> 
     </span>
    </p>
   </div>
  </div>
 </body>
</html>
