2452 4366
224 175 915 264 rrosrco-MATHEMATM
994 209 1059 285 345

64 340 164 402 nnat,
188 314 445 393 livedistantiam
458 318 579 391 abee
593 315 749 415 Ellpseos
757 315 1064 415 angularem‚quarn

64 417 210 508 ejusdem
229 421 412 488 anomalr'am
427 442 535 488 verm
552 414 692 495 dicimus
711 437 772 485 una
793 438 870 486 cum
888 413 1064 507 distamiati

22 583 25 588 .
68 519 133 586 Sole
144 515 300 596 absoluta,
325 515 480 612 imprimis
499 517 693 608 quaerimus5
725 513 770 583 ita
790 518 824 583 ἃ
849 513 1061 595 ineometis,

68 611 205 685 similem
226 615 382 711 angulum
401 609 632 685 &distantiam
651 632 689 684 ut
709 612 815 707 primo
834 607 950 683 investi
990 635 1065 686 mus

63 707 113 784 ,est
126 707 262 782 necesse.
313 706 506 783 Notandum
525 731 632 781 autem
650 735 691 780 ex
710 729 818 780 natura
838 708 959 780 Parabo
971 734 1063 783 arum

66 811 217 892 omnium
238 809 370 881 Lineam
394 813 419 874 S
425 811 455 877 0
479 802 539 880 else
553 810 675 879 Lateris
692 807 773 877 redii
795 803 977 880 dimidiam.
1003 814 1064 881 ΣΡ

64 904 215 998 ejusdem
231 907 354 978 Lateris
373 904 455 976 redii
471 928 594 1002 partem
613 923 772 998 quartam,
798 901 864 976 five
882 900 977 1001 ipfius
1000 910 1028 974 S
1031 907 1063 978 0

11 1059 14 1062 -
64 1003 258 1085 diuidiama
286 1026 381 1097 atque
395 999 493 1074 duda
505 1003 545 1075 ad
562 1004 720 1100 pandum
732 998 874 1094 quodvis
884 1023 922 1074 ut
947 1008 1066 1076 cran-

64 1122 163 1199 gente
191 1107 267 1181 CT,
300 1101 467 1193 erectaque
490 1100 531 1173 ad
556 1096 686 1172 eandem
705 1095 785 1170 linea
812 1098 1065 1198 perpendiculari

70 1207 146 1279 CR,
171 1224 266 1271 axem
286 1198 419 1278 secante,
445 1204 478 1268 ὅ(
496 1195 622 1270 dimissa
641 1195 811 1268 abeodem
829 1197 950 1295 pundo
975 1203 1003 1268 C
1022 1194 1065 1271 ad

72 1321 167 1368 axem
202 1294 456 1394 perpendiculari
486 1301 572 1377 CR,
604 1320 697 1367 axem
722 1296 840 1366 secante
866 1301 896 1364 C
904 1300 964 1391 Q5
1002 1290 1066 1369 esse

68 1397 143 1475 SC,
169 1400 244 1475 SR,
271 1401 305 1466 &
328 1398 353 1461 S
363 1397 399 1462 T
414 1393 496 1464 inter
515 1391 545 1464 se
563 1394 722 1487 aequales:
747 1389 807 1463 esse
821 1415 953 1486 quoque
969 1390 1064 1465 lineas

68 1497 158 1589 RQ
177 1495 260 1572 PT,
285 1494 367 1564 inter
391 1488 421 1560 se
449 1490 601 1586 aquales3
629 1497 663 1562 &
683 1490 797 1562 lineam
821 1496 893 1586 ,QR
918 1483 988 1583 elseN
1003 1485 1064 1588 ipsi

69 1595 96 1661 S
103 1593 146 1669 0,
173 1586 239 1660 srve
265 1589 386 1662 Lateris
404 1588 485 1659 redi
503 1584 616 1661 semilsr
637 1586 802 1682 aqualem.
852 1591 937 1677 Quae
957 1587 1064 1661 omnia

72 1711 114 1758 ex
143 1687 277 1758 Conicis
299 1685 369 1758 sunt
393 1682 563 1758 notissima.
614 1693 726 1782 Pergat
746 1678 890 1756 Author.

109 1789 215 1885 “Jam
223 1780 296 1855 data
307 1781 419 1878 quavis
428 1785 513 1855 Area
527 1785 655 1853 COPS
665 1804 793 1878 oportet
801 1784 952 1880 angulum
962 1787 1020 1852 CP
1027 1786 1064 1865 S,

72 1893 97 1927 “
123 1888 157 1953 &
172 1876 351 1953 distantiam
369 1886 397 1950 C
404 1886 440 1961 S,
466 1881 636 1974 inquirere.
686 1881 848 1967 Quoniam
861 1879 905 1950 ob
920 1899 1063 1953 naturam

72 1990 96 2023 “
124 1978 283 2051 Parabolae
307 1978 392 2049 reeta
423 1984 451 2047 R
460 1985 511 2076 Q
521 1977 643 2072 ubique
664 1979 793 2070 :equalis
823 1973 869 2047 est
898 1976 1064 2052 semilateri

75 2085 99 2145 t‘
125 2077 225 2147 resto.
252 2082 391 2147 Ponatur
408 2074 486 2146 latus
502 2073 627 2149 testum
639 2108 681 2146 ιε
696 2100 739 2156 23
767 2071 911 2167 adeoque
935 2081 964 2144 R
972 2079 1064 2174 Q:

75 2181 101 2216 “
131 2198 167 2244 1:
195 2198 231 2244 ac
251 2170 290 2245 fit
301 2174 387 2244 resia
414 2178 441 2242 C
496 2202 585 2245 za.
610 2173 671 2243 erit
684 2174 792 2264 itaque
806 2177 933 2269 1²2:
948 2175 967 2255 ὲ
983 2196 1059 2255 ιις

74 2279 97 2314 “
123 2296 160 2340 ac
177 2273 384 2367 chmentum
397 2274 472 2339 Para
517 2271 617 2342 licum
632 2273 727 2341 COR
745 2301 786 2342 τ.-
803 2272 838 2353 ,³2
856 2295 955 2352 αις
984 2267 1063 2342 Tri·

75 2376 98 2410 “
124 2371 278 2466 angulum
298 2389 404 2440 autern
431 2371 516 2436 CSP
540 2369 600 2439 erit
618 2371 684 2460 iz.
711 2363 854 2459 adeoque
869 2389 936 2436 area
949 2366 1063 2439 mixti·
1102 2436 1103 2441 ,

76 2474 100 2508 “
124 2466 204 2537 linea
230 2469 355 2535 COPS
378 2465 438 2536 erit
466 2496 507 2535 ::
529 2466 565 2548 ,ἦ
583 2464 625 2532 z³
644 2465 720 2556 Η·
742 2490 766 2530 ι
784 2497 825 2534 z
842 2489 871 2531 a.
897 2488 932 2534 ac
954 2464 994 2531 ὁ
1023 2476 1065 2556 4

74 2572 98 2605 “
128 2590 179 2659 μ
198 2595 240 2632 -.;
264 2587 302 2634 12
318 2589 351 2633 a.
377 2567 484 2651 Quare
501 2561 635 2633 resoluta
650 2556 709 2630 hac
729 2561 905 2652 aquatione
924 2560 1064 2639 Cubita,

73 2669 98 2704 “
123 2656 252 2828 Risisse
280 2659 452 2732 ordinatim
471 2661 623 2757 applicata
649 2664 677 2727 C
679 2661 741 2759 ‚Q
743 2657 927 2729 innotescet.
978 2657 1064 2728 Haec

75 2768 100 2803 “
164 2783 179 2828 a
203 2758 282 2830 eius.

124 2853 373 2939 Observandum
380 2872 488 2925 autern
496 2849 594 2950 probe
602 2850 688 2924 viam
699 2847 754 2922 hic
766 2850 955 2948 analyticam
970 2846 1065 2924 sterni

74 2950 271 3024 invenienda
281 2952 442 3024 anomaliae
452 2952 664 3042 coaequataein
673 2948 831 3044 parabola,
847 2973 887 3020 ex
901 2946 974 3020 data
988 2948 1068 3021 sem·

66 3072 132 3146 per
153 3048 304 3123 anomalia
326 3047 443 3128 media,
468 3045 532 3118 hoc
555 3045 612 3128 est,
638 3071 705 3118 area
725 3042 893 3143 descripta,
926 3047 1066 3142 tempori

74 3145 292 3246 descriptionis
304 3147 425 3241 ubique
438 3144 679 3242 proportionali.
728 3146 849 3238 Neque
870 3140 933 3216 stne
948 3143 1014 3214 anal
1042 3139 1067 3214 st

75 3268 117 3315 cx
134 3240 206 3316 data
226 3271 293 3316 area
321 3240 386 3316 save
412 3245 562 3315 anomalia
584 3240 702 3321 media,
728 3243 861 3339 angulus
888 3244 981 3312 CST
998 3169 1065 3312 dvc

76 3343 228 3417 anomalia
248 3331 549 3436 coequata'diredie
563 3340 697 3414 inveniri
712 3338 828 3438 potest.
877 3332 980 3422 Quod
989 3360 1067 3410 vero

76 3464 118 3512 ex
132 3436 307 3536 hypothesi
329 3437 420 3533 quod
443 3439 521 3510 linea
543 3440 648 3535 primo
666 3434 836 3531 querenda
859 3441 887 3506 C
891 3440 943 3537 Q
955 3438 1012 3519 (ex
1033 3457 1070 3507 ea

78 3538 163 3619 enim
183 3539 309 3610 inventa
331 3533 462 3635 angulus
488 3539 584 3621 CST
600 3535 693 3608 facile
712 3535 899 3630 reperietur,
925 3532 975 3605 uti
989 3555 1069 3606 mox

76 3632 228 3735 patebit.)
247 3632 372 3706 dicatur
386 3663 422 3714 z,
434 3635 513 3706 linea
537 3639 564 3702 P
569 3639 628 3735 ‚Q
630 3631 843 3726 aquabitur}
860 3659 916 3698 ιι
934 3627 1069 3716 demon·

77 3730 175 3818 stratu
190 3727 237 3804 est
252 3728 420 3830 perfacile:
452 3755 524 3801 nam
542 3752 578 3802 ut
599 3739 626 3800 R
635 3736 691 3828 „Q
702 3760 743 3799 .-.-
768 3753 798 3810 1,
831 3725 871 3801 ad
897 3733 926 3802 C
933 3730 1020 3828 Q:
1031 3756 1069 3810 z.

75 3827 247 3943 iraeadem
273 3836 301 3904 C
317 3835 377 3935 Q.
394 3860 435 3902 τ.-
455 3856 491 3924 q,
523 3823 569 3900 ad
587 3830 676 3936 ΩΤ,
704 3817 770 3929 lire
797 3852 855 3926 aeq
883 3822 1070 3995 cujusdpaps

995 3946 1070 4001 flm-
