2452 4366
199 221 902 293 PHYSICO·MATHEMAT1M.
994 249 1059 321 325

68 353 236 523 1splendore
254 354 311 451 luo
329 356 477 447 multum,
489 357 657 457 superabit.
716 358 849 431 Minore
867 360 970 455 igitur
987 384 1066 433 cum

95 455 230 525 iametro
256 476 422 552 apparente
440 458 510 553 plns
537 458 623 527 lucis'
642 456 802 537 emittens,
831 458 939 530 multo
963 460 1067 556 magis

69 546 286 624 illustrabitur
308 556 325 624 i
347 554 429 627 Sole.
454 553 601 646 adeoque
619 556 681 624 erit
710 555 776 627 Soli
795 555 902 625 multo
920 558 1063 652 propior.

67 649 261 739 Quinetiam
281 651 382 747 capita
394 650 453 722 sub
466 653 539 723 Sole
558 649 785 731 delitescentia,
811 656 845 723 &
859 650 974 725 caudas
987 677 1065 731 curn

70 748 224 818 maximas
243 768 315 841 tum
339 745 581 845 ftdgentiffimas
605 746 699 819 instar
725 749 864 821 trabium
890 752 900 820 i
946 752 1065 823 irarum

67 866 297 939 nonnunquam
309 847 499 927 emittentia,
523 843 637 919 eodem
653 867 843 944 argumento
856 774 1065 923 infidorum

69 944 205 1014 Veneris
233 942 385 1015 collocari
406 940 536 1017 debent.
586 949 675 1014 Nam
700 945 758 1015 lux
784 944 836 1015 illa
855 946 957 1017 omnis
979 942 1003 1016 fi
1029 946 1063 1023 in·

62 1034 184 1112 stellam
197 1043 384 1139 congregari
393 1039 598 1139 supponatur,
611 1039 708 1138 ipsam
722 1046 902 1123 Venerem,
909 1068 947 1114 ne
955 1040 1064 1117 dicam

63 1142 207 1210 Veneror
222 1138 328 1234 plures
342 1138 525 1230 conjunctas
537 1137 733 1233 quandoque
750 1138 920 1236 superaret.

113 1233 210 1308 Idem
222 1232 362 1333 denique
376 1237 451 1308 colli
476 1238 543 1325 itur
554 1260 596 1307 ex
612 1238 684 1308 luce
701 1239 844 1333 capitum
858 1236 1015 1308 crescente
1030 1238 1062 1309 in

61 1330 188 1405 recell'u
214 1336 428 1425 Cometarum
451 1262 474 1404 ξ
496 1338 601 1405 Terra
615 1335 720 1405 Solem
739 1333 856 1415 versus,
881 1358 917 1406 ac
938 1332 1062 1405 decres-

63 1451 160 1501 cente
177 1432 212 1521 in
224 1454 339 1502 eorum
354 1427 506 1513 recessui
519 1431 709 1523 Soleversus
724 1435 874 1504 Terram.
913 1432 965 1502 Sic
973 1434 1061 1509 enirn

62 1528 206 1601 Cometa¹
226 1520 389 1624 posterior
421 1533 509 1621 Anni
537 1538 621 1618 1665
654 1528 855 1612 (observante
883 1530 1057 1620 Hevelio,)

64 1648 106 1697 ex
120 1650 192 1719 quo
206 1627 346 1725 conspici
361 1629 475 1723 coepit,
499 1622 681 1698 remittebat
696 1624 815 1725 semper
828 1623 869 1697 de
884 1649 978 1698 motu
989 1626 1060 1709 suo,

63 1721 212 1819 adeoque
229 1720 423 1827 praeterierat
443 1725 647 1823 Perigaeum3
679 1724 833 1821 Splendor
853 1748 931 1795 vero
951 1716 1062 1822 capitis¹

61 1816 270 1893 nihilominus
289 1819 387 1893 indies
407 1820 577 1901 crescebat,
603 1819 701 1914 usque
715 1819 798 1893 dum
814 1826 953 1893 Cometa
965 1817 1060 1895 radiis

63 1916 227 1993 Solaribus
240 1919 389 1990 obtectus
402 1915 496 1990 defiit
512 1941 667 2017 apparere.
694 1923 833 1990 Cometa
853 1921 940 1991 Anni
958 1916 1058 2021 1683,

61 2015 247 2089 observante
262 2012 378 2088 eodem
395 2016 552 2107 Hevelio,
578 2018 608 2086 in
623 2013 685 2086 line
701 2014 823 2087 Menfis
836 2017 918 2117 Julii
930 2015 987 2087 ubi
995 2018 1065 2113 pri·,

61 2138 161 2185 mum
190 2110 373 2213 conspectus
398 2110 461 2193 est,
489 2108 662 2191 tardissime
688 2115 913 2195 movebatur,¹
934 2114 1058 2193 minuta

63 2212 167 2307 prima
177 2208 289 2309 4o'vel
302 2234 345 2306 45
363 2211 489 2283 circiter
502 2209 631 2309 fingulis
645 2209 759 2283 diebus
772 2212 804 2283 in
817 2210 895 2285 orbe
907 2209 969 2299 suo
980 2235 1064 2309 con,¹

62 2306 193 2381 ficiens.
219 2312 290 2387 Ex
311 2308 354 2380 eo
369 2329 513 2405 tempore
534 2330 643 2383 motus
665 2307 732 2398 ejus
749 2308 881 2381 diurnus
899 2328 1060 2407 perpetuo,

59 2404 240 2505 augebatur
263 2404 365 2507 usque
386 2402 427 2476 ad
447 2409 533 2502 Sept.
558 2430 592 2502 4.
618 2403 749 2499 quando
772 2404 871 2503 evasit
896 2406 1062 2503 graduum

61 2500 155 2595 quali
180 2504 342 2599 quinque.
393 2503 502 2600 Igitur
512 2525 593 2576 toro
611 2500 675 2572 hoc
697 2522 840 2599 tempore
864 2508 1002 2575 Cometa
1016 2500 1058 2583 ad

60 2603 204 2673 Terram
218 2600 500 2699 appropinquabat.
550 2596 592 2672 Id
610 2596 817 2693 quodetiam
836 2625 878 2670 ex
898 2598 1059 2672 diametro

59 2700 174 2795 capitis
194 2701 404 2771 micrometro
418 2697 591 2769 mensurata
610 2697 794 2794 colligitur:
823 2699 943 2795 quippe
956 2722 1056 2791 quam

59 2796 223 2869 Hevelius
245 2798 361 2894 reperit
384 2799 477 2889 Aug.
497 2807 532 2867 6.
558 2791 619 2866 ell'e
637 2815 761 2866 tantum
782 2802 830 2865 6'.
854 2808 911 2889 5¹3.
938 2793 1068 2887 inclusa,

59 2918 166 2975 coma,
198 2912 230 2965 at
253 2896 341 2993 Sept.
364 2918 396 2965 2.
422 2890 483 2964 else
502 2888 559 2980 '9'.
585 2914 646 2988 7''·
697 2894 807 2989 Caput
834 2892 936 2989 igitur
960 2892 1057 2965 initio

58 2991 275 3093 longe‘minus
290 2992 433 3089 apparuit
451 3015 550 3084 quam
567 2992 603 3062 in
621 2988 683 3060 fine
703 3009 823 3068 motus,
849 3010 880 3060 at
892 2990 989 3063 initio
1008 3013 1056 3063 ta-

58 3114 132 3162 men
151 3088 187 3161 'in
204 3084 322 3161 uicinia
341 3090 422 3160 Solis
444 3088 538 3184 longe
563 3086 703 3159 lucidius
721 3088 835 3157 extitit
856 3110 955 3181 quarn
971 3090 1058 3171 circa

56 3186 171 3267 finem,
184 3209 223 3269 ut
231 3186 326 3259 refert
342 3184 430 3259 idem
440 3186 610 3258 Herelius.
661 3181 799 3257 Proinde
814 3206 888 3259 toto
900 3183 964 3257 hoc
974 3207 1057 3257 tem-

55 3310 148 3384 pore,
173 3284 219 3355 ob
230 3280 385 3369 recessum
405 3276 503 3381 ipsrus
517 3284 534 3352 i
547 3283 632 3361 Sole,
657 3279 765 3376 quoad
778 3283 885 3371 lumen
897 3280 1057 3365 decrevit,

58 3378 279 3477 nonobstante
296 3378 419 3475 'accessu
433 3379 473 3451 ad
492 3384 640 3452 Terram.
690 3383 830 3479 Cometa
855 3380 940 3450 Anni
966 3380 1053 3453 1618

59 3482 152 3557 circa,
168 3472 325 3557 Medium
346 3476 469 3551 Mensir
487 3478 692 3573 Decembris,
719 3482 753 3547 δι
774 3474 830 3547 iste
857 3476 944 3547 Anni
966 3476 1067 3551 1⁶80·

56 3580 142 3652 circa
157 3575 264 3663 finem·
276 3568 417 3665 ejusdem
437 3572 572 3655 Mensis,
597 3575 761 3647 celerrime
775 3574 998 3654 movebantur,
1023 3600 1057 3645 a·

56 3675 188 3771 deoque
200 3676 383 3771 runc'jerant
398 3674 429 3744 in
450 3664 612 3771 Perigaels.
662 3677 787 3743 Verum
802 3669 946 3768 splendor
953 3672 1057 3745 maxi·

55 3801 127 3849 mus
144 3774 289 3871 capitum
308 3772 470 3951 contrrdqqp
495 3791 565 3842 ante
588 3767 665 3841 duas
687 3767 754 3840 fere
775 3768 970 3866 septimanae,
996 3770 1055 3843 ubi

54 3860 407 3993 modoexiernntde'pa
482 3868 662 3971 Sobributt
691 3862 883 3977 &splendor
895 3868 1055 3941 maximus

636 3968 714 4071 ΥΞ
807 3984 811 3989 “
982 3988 1059 4047 cau·
