<?xml version="1.0" encoding="UTF-8"?>
<!DOCTYPE html PUBLIC "-//W3C//DTD XHTML 1.0 Transitional//EN"
    "http://www.w3.org/TR/xhtml1/DTD/xhtml1-transitional.dtd">
<html xmlns="http://www.w3.org/1999/xhtml" xml:lang="en" lang="en">
 <head>
  <title>
</title>
<meta http-equiv="Content-Type" content="text/html;charset=utf-8" />
  <meta name='ocr-system' content='tesseract 3.04.00' />
  <meta name='ocr-capabilities' content='ocr_page ocr_carea ocr_par ocr_line ocrx_word'/>
</head>
<body>
  <div class='ocr_page' id='page_1' title='image "./praelectionesph01whisgoog/praelectionesph01whisgoog_0137.png"; bbox 0 0 2484 4366; ppageno 0'>
   <div class='ocr_carea' id='block_1_1' title="bbox 114 199 819 298">
    <p class='ocr_par' dir='ltr' id='par_1_1' title="bbox 114 199 819 298">
     <span class='ocr_line' id='line_1_1' title="bbox 114 199 819 298; baseline -0.003 -28"><span class='ocrx_word' id='word_1_1' title='bbox 114 199 191 298; x_wconf 46' lang='lat' dir='ltr'>‚aaa</span> <span class='ocrx_word' id='word_1_2' title='bbox 378 200 819 270; x_wconf 54' lang='lat' dir='ltr'>exstinctiones</span> 
     </span>
    </p>
   </div>
   <div class='ocr_carea' id='block_1_2' title="bbox 116 329 1106 819">
    <p class='ocr_par' dir='ltr' id='par_1_2' title="bbox 116 329 1105 723">
     <span class='ocr_line' id='line_1_2' title="bbox 116 329 1105 434; baseline -0.01 -22"><span class='ocrx_word' id='word_1_3' title='bbox 116 354 160 412; x_wconf 83' lang='lat' dir='ltr'>ut</span> <span class='ocrx_word' id='word_1_4' title='bbox 176 362 202 434; x_wconf 88' lang='lat'>4</span> <span class='ocrx_word' id='word_1_5' title='bbox 218 332 259 406; x_wconf 91' lang='lat' dir='ltr'>ad</span> <span class='ocrx_word' id='word_1_6' title='bbox 276 358 307 405; x_wconf 88' lang='lat'>1.</span> <span class='ocrx_word' id='word_1_7' title='bbox 334 329 437 406; x_wconf 88' lang='lat' dir='ltr'>Unde</span> <span class='ocrx_word' id='word_1_8' title='bbox 462 332 512 403; x_wconf 86' lang='lat' dir='ltr'>vis</span> <span class='ocrx_word' id='word_1_9' title='bbox 542 332 724 430; x_wconf 82' lang='lat' dir='ltr'>centripetae</span> <span class='ocrx_word' id='word_1_10' title='bbox 746 332 903 426; x_wconf 75' lang='lat' dir='ltr'>quantitas</span> <span class='ocrx_word' id='word_1_11' title='bbox 924 330 958 405; x_wconf 87' lang='lat' dir='ltr'>in</span> <span class='ocrx_word' id='word_1_12' title='bbox 981 329 1105 403; x_wconf 86' lang='lat' dir='ltr'>minore</span> 
     </span>
     <span class='ocr_line' id='line_1_3' title="bbox 118 429 1105 527; baseline -0.011 -18"><span class='ocrx_word' id='word_1_13' title='bbox 118 438 180 509; x_wconf 87' lang='lat' dir='ltr'>erit</span> <span class='ocrx_word' id='word_1_14' title='bbox 201 429 241 505; x_wconf 94' lang='lat' dir='ltr'>ad</span> <span class='ocrx_word' id='word_1_15' title='bbox 253 433 301 503; x_wconf 87' lang='lat' dir='ltr'>vis</span> <span class='ocrx_word' id='word_1_16' title='bbox 320 432 501 527; x_wconf 83' lang='lat' dir='ltr'>centripetae</span> <span class='ocrx_word' id='word_1_17' title='bbox 518 431 727 524; x_wconf 83' lang='lat' dir='ltr'>quantitatem</span> <span class='ocrx_word' id='word_1_18' title='bbox 746 430 778 500; x_wconf 95' lang='lat' dir='ltr'>in</span> <span class='ocrx_word' id='word_1_19' title='bbox 793 430 912 523; x_wconf 87' lang='lat' dir='ltr'>majore</span> <span class='ocrx_word' id='word_1_20' title='bbox 929 449 967 502; x_wconf 94' lang='lat' dir='ltr'>ut</span> <span class='ocrx_word' id='word_1_21' title='bbox 982 429 1105 500; x_wconf 69' lang='lat' dir='ltr'>reem</span> 
     </span>
     <span class='ocr_line' id='line_1_4' title="bbox 120 520 1105 633; baseline -0.008 -29"><span class='ocrx_word' id='word_1_22' title='bbox 120 535 236 633; x_wconf 85' lang='lat' dir='ltr'>gulum</span> <span class='ocrx_word' id='word_1_23' title='bbox 257 554 275 600; x_wconf 88' lang='lat'><em>2</em></span> <span class='ocrx_word' id='word_1_24' title='bbox 300 547 369 623; x_wconf 82' lang='grc' dir='ltr'>χ4</span> <span class='ocrx_word' id='word_1_25' title='bbox 389 526 479 606; x_wconf 85' lang='lat'>:8‚</span> <span class='ocrx_word' id='word_1_26' title='bbox 510 525 786 625; x_wconf 69' lang='lat' dir='ltr'>adredangulum</span> <span class='ocrx_word' id='word_1_27' title='bbox 809 546 1017 615; x_wconf 82' lang='lat'>1&gt;&lt;1=1,</span> <span class='ocrx_word' id='word_1_28' title='bbox 1041 520 1105 597; x_wconf 81' lang='lat' dir='ltr'>five</span> 
     </span>
     <span class='ocr_line' id='line_1_5' title="bbox 120 620 944 723; baseline -0.013 -19"><span class='ocrx_word' id='word_1_29' title='bbox 120 645 162 703; x_wconf 85' lang='lat' dir='ltr'>t&#39;tt</span> <span class='ocrx_word' id='word_1_30' title='bbox 176 626 339 701; x_wconf 88' lang='lat' dir='ltr'>radiorum</span> <span class='ocrx_word' id='word_1_31' title='bbox 353 623 445 695; x_wconf 89' lang='lat' dir='ltr'>Cubi</span> <span class='ocrx_word' id='word_1_32' title='bbox 456 626 628 723; x_wconf 86' lang='lat' dir='ltr'>reciproce.</span> <span class='ocrx_word' id='word_1_33' title='bbox 677 629 724 695; x_wconf 87' lang='lat' dir='ltr'>Et</span> <span class='ocrx_word' id='word_1_34' title='bbox 744 620 790 695; x_wconf 85' lang='lat' dir='ltr'>stc</span> <span class='ocrx_word' id='word_1_35' title='bbox 809 623 944 716; x_wconf 90' lang='lat' dir='ltr'>ubique.</span> 
     </span>
    </p>

    <p class='ocr_par' dir='ltr' id='par_1_3' title="bbox 172 715 1106 819">
     <span class='ocr_line' id='line_1_6' title="bbox 172 715 1106 819; baseline -0.007 -24"><span class='ocrx_word' id='word_1_36' title='bbox 172 725 276 795; x_wconf 79' lang='lat' dir='ltr'>Coroll.</span> <span class='ocrx_word' id='word_1_37' title='bbox 286 728 356 815; x_wconf 85' lang='lat'>(1.)</span> <span class='ocrx_word' id='word_1_38' title='bbox 386 729 477 793; x_wconf 91' lang='lat' dir='ltr'>Cum</span> <span class='ocrx_word' id='word_1_39' title='bbox 493 741 636 819; x_wconf 91' lang='lat' dir='ltr'>tempora</span> <span class='ocrx_word' id='word_1_40' title='bbox 651 719 813 819; x_wconf 82' lang='lat' dir='ltr'>periodica</span> <span class='ocrx_word' id='word_1_41' title='bbox 825 718 885 792; x_wconf 78' lang='lat' dir='ltr'>siut</span> <span class='ocrx_word' id='word_1_42' title='bbox 900 722 934 792; x_wconf 92' lang='lat' dir='ltr'>in</span> <span class='ocrx_word' id='word_1_43' title='bbox 952 715 1021 790; x_wconf 92' lang='lat' dir='ltr'>hoc</span> <span class='ocrx_word' id='word_1_44' title='bbox 1040 715 1106 789; x_wconf 88' lang='lat' dir='ltr'>calu</span> 
     </span>
    </p>
   </div>
   <div class='ocr_carea' id='block_1_3' title="bbox 109 812 1138 3993">
    <p class='ocr_par' dir='ltr' id='par_1_4' title="bbox 123 812 1113 1692">
     <span class='ocr_line' id='line_1_7' title="bbox 123 812 1107 918; baseline -0.008 -24"><span class='ocrx_word' id='word_1_45' title='bbox 123 819 464 918; x_wconf 85' lang='lat' dir='ltr'>induplicataratione</span> <span class='ocrx_word' id='word_1_46' title='bbox 483 816 660 898; x_wconf 78' lang='lat' dir='ltr'>radiorum,</span> <span class='ocrx_word' id='word_1_47' title='bbox 686 816 909 915; x_wconf 88' lang='lat' dir='ltr'>litemporum</span> <span class='ocrx_word' id='word_1_48' title='bbox 925 812 1107 915; x_wconf 81' lang='lat' dir='ltr'>periodica·</span> 
     </span>
     <span class='ocr_line' id='line_1_8' title="bbox 123 910 1108 1011; baseline -0.01 -18"><span class='ocrx_word' id='word_1_49' title='bbox 123 944 199 993; x_wconf 88' lang='lat' dir='ltr'>rum</span> <span class='ocrx_word' id='word_1_50' title='bbox 214 915 365 1011; x_wconf 81' lang='lat' dir='ltr'>quadrata</span> <span class='ocrx_word' id='word_1_51' title='bbox 384 912 445 987; x_wconf 82' lang='lat' dir='ltr'>sint</span> <span class='ocrx_word' id='word_1_52' title='bbox 465 917 546 988; x_wconf 90' lang='lat' dir='ltr'>inter</span> <span class='ocrx_word' id='word_1_53' title='bbox 565 914 595 986; x_wconf 85' lang='lat' dir='ltr'>se</span> <span class='ocrx_word' id='word_1_54' title='bbox 614 937 651 987; x_wconf 98' lang='lat' dir='ltr'>ut</span> <span class='ocrx_word' id='word_1_55' title='bbox 668 911 825 1009; x_wconf 90' lang='lat' dir='ltr'>quadrato</span> <span class='ocrx_word' id='word_1_56' title='bbox 836 913 991 1010; x_wconf 85' lang='lat' dir='ltr'>quadrata</span> <span class='ocrx_word' id='word_1_57' title='bbox 1006 910 1108 985; x_wconf 86' lang='lat' dir='ltr'>radio·</span> 
     </span>
     <span class='ocr_line' id='line_1_9' title="bbox 124 1006 1108 1111; baseline -0.006 -24"><span class='ocrx_word' id='word_1_58' title='bbox 124 1042 210 1095; x_wconf 89' lang='lat' dir='ltr'>rum,</span> <span class='ocrx_word' id='word_1_59' title='bbox 223 1013 301 1093; x_wconf 80' lang='lat' dir='ltr'>five,</span> <span class='ocrx_word' id='word_1_60' title='bbox 310 1010 402 1106; x_wconf 93' lang='lat' dir='ltr'>quod</span> <span class='ocrx_word' id='word_1_61' title='bbox 414 1010 541 1110; x_wconf 83' lang='lat' dir='ltr'>perinde</span> <span class='ocrx_word' id='word_1_62' title='bbox 550 1011 608 1093; x_wconf 91' lang='lat' dir='ltr'>est,</span> <span class='ocrx_word' id='word_1_63' title='bbox 617 1010 641 1084; x_wconf 88' lang='lat' dir='ltr'>sr</span> <span class='ocrx_word' id='word_1_64' title='bbox 649 1012 709 1111; x_wconf 89' lang='lat' dir='ltr'>ipsa</span> <span class='ocrx_word' id='word_1_65' title='bbox 717 1032 859 1110; x_wconf 90' lang='lat' dir='ltr'>tempora</span> <span class='ocrx_word' id='word_1_66' title='bbox 870 1008 1041 1110; x_wconf 79' lang='lat' dir='ltr'>periodica</span> <span class='ocrx_word' id='word_1_67' title='bbox 1053 1006 1108 1081; x_wconf 82' lang='lat' dir='ltr'>sant</span> 
     </span>
     <span class='ocr_line' id='line_1_10' title="bbox 125 1107 1112 1204; baseline -0.009 -18"><span class='ocrx_word' id='word_1_68' title='bbox 125 1111 249 1186; x_wconf 83' lang='lat' dir='ltr'>interse</span> <span class='ocrx_word' id='word_1_69' title='bbox 264 1130 302 1182; x_wconf 94' lang='lat' dir='ltr'>ut</span> <span class='ocrx_word' id='word_1_70' title='bbox 308 1108 473 1182; x_wconf 91' lang='lat' dir='ltr'>radiorum</span> <span class='ocrx_word' id='word_1_71' title='bbox 482 1107 645 1204; x_wconf 90' lang='lat' dir='ltr'>quadrata,</span> <span class='ocrx_word' id='word_1_72' title='bbox 659 1131 752 1180; x_wconf 92' lang='lat' dir='ltr'>erunt</span> <span class='ocrx_word' id='word_1_73' title='bbox 763 1111 846 1180; x_wconf 87' lang='lat' dir='ltr'>vires</span> <span class='ocrx_word' id='word_1_74' title='bbox 863 1109 964 1180; x_wconf 84' lang='lat' dir='ltr'>centri</span> <span class='ocrx_word' id='word_1_75' title='bbox 1024 1132 1050 1178; x_wconf 84' lang='lat' dir='ltr'>ae</span> <span class='ocrx_word' id='word_1_76' title='bbox 1066 1108 1112 1177; x_wconf 89' lang='lat' dir='ltr'>in·</span> 
     </span>
     <span class='ocr_line' id='line_1_11' title="bbox 127 1205 1110 1285; baseline -0.008 -4"><span class='ocrx_word' id='word_1_77' title='bbox 127 1231 177 1282; x_wconf 91' lang='lat' dir='ltr'>ter</span> <span class='ocrx_word' id='word_1_78' title='bbox 194 1209 224 1281; x_wconf 86' lang='lat' dir='ltr'>le</span> <span class='ocrx_word' id='word_1_79' title='bbox 239 1230 277 1281; x_wconf 86' lang='lat' dir='ltr'>ut</span> <span class='ocrx_word' id='word_1_80' title='bbox 290 1206 452 1280; x_wconf 88' lang='lat' dir='ltr'>radiorum</span> <span class='ocrx_word' id='word_1_81' title='bbox 464 1210 518 1280; x_wconf 85' lang='lat' dir='ltr'>vel</span> <span class='ocrx_word' id='word_1_82' title='bbox 530 1205 749 1279; x_wconf 87' lang='lat' dir='ltr'>distantiarum</span> <span class='ocrx_word' id='word_1_83' title='bbox 763 1205 854 1278; x_wconf 91' lang='lat' dir='ltr'>Cubi</span> <span class='ocrx_word' id='word_1_84' title='bbox 867 1206 941 1278; x_wconf 70' lang='lat' dir='ltr'>inw</span> <span class='ocrx_word' id='word_1_85' title='bbox 989 1209 1110 1285; x_wconf 69' lang='lat' dir='ltr'>,deve-</span> 
     </span>
     <span class='ocr_line' id='line_1_12' title="bbox 128 1299 1112 1384; baseline -0.008 -5"><span class='ocrx_word' id='word_1_86' title='bbox 128 1309 274 1380; x_wconf 86' lang='lat' dir='ltr'>locitates</span> <span class='ocrx_word' id='word_1_87' title='bbox 294 1304 412 1377; x_wconf 86' lang='lat' dir='ltr'>inverse</span> <span class='ocrx_word' id='word_1_88' title='bbox 436 1324 474 1376; x_wconf 94' lang='lat' dir='ltr'>ut</span> <span class='ocrx_word' id='word_1_89' title='bbox 490 1302 581 1376; x_wconf 86' lang='lat' dir='ltr'>raclii.</span> <span class='ocrx_word' id='word_1_90' title='bbox 631 1308 677 1375; x_wconf 88' lang='lat' dir='ltr'>Et</span> <span class='ocrx_word' id='word_1_91' title='bbox 695 1304 768 1374; x_wconf 91' lang='lat' dir='ltr'>vice</span> <span class='ocrx_word' id='word_1_92' title='bbox 780 1303 877 1384; x_wconf 89' lang='lat' dir='ltr'>versa,</span> <span class='ocrx_word' id='word_1_93' title='bbox 899 1299 1031 1373; x_wconf 77' lang='lat' dir='ltr'>srvires</span> <span class='ocrx_word' id='word_1_94' title='bbox 1043 1324 1112 1372; x_wconf 88' lang='lat' dir='ltr'>cen-</span> 
     </span>
     <span class='ocr_line' id='line_1_13' title="bbox 128 1398 1112 1500; baseline -0.005 -25"><span class='ocrx_word' id='word_1_95' title='bbox 128 1408 254 1500; x_wconf 80' lang='lat' dir='ltr'>nipetae</span> <span class='ocrx_word' id='word_1_96' title='bbox 275 1400 336 1473; x_wconf 90' lang='lat' dir='ltr'>srnt</span> <span class='ocrx_word' id='word_1_97' title='bbox 359 1402 477 1473; x_wconf 87' lang='lat' dir='ltr'>inverse</span> <span class='ocrx_word' id='word_1_98' title='bbox 501 1422 540 1472; x_wconf 94' lang='lat' dir='ltr'>ut</span> <span class='ocrx_word' id='word_1_99' title='bbox 563 1398 779 1472; x_wconf 89' lang='lat' dir='ltr'>distantiarum</span> <span class='ocrx_word' id='word_1_100' title='bbox 792 1399 894 1481; x_wconf 90' lang='lat' dir='ltr'>Cubi,</span> <span class='ocrx_word' id='word_1_101' title='bbox 920 1419 1018 1470; x_wconf 89' lang='lat' dir='ltr'>erunt</span> <span class='ocrx_word' id='word_1_102' title='bbox 1035 1420 1112 1471; x_wconf 89' lang='lat' dir='ltr'>tem-</span> 
     </span>
     <span class='ocr_line' id='line_1_14' title="bbox 130 1494 1113 1599; baseline -0.004 -28"><span class='ocrx_word' id='word_1_103' title='bbox 130 1526 207 1599; x_wconf 89' lang='lat' dir='ltr'>pora</span> <span class='ocrx_word' id='word_1_104' title='bbox 220 1497 379 1595; x_wconf 83' lang='lat' dir='ltr'>periodica</span> <span class='ocrx_word' id='word_1_105' title='bbox 389 1499 469 1569; x_wconf 86' lang='lat' dir='ltr'>inter</span> <span class='ocrx_word' id='word_1_106' title='bbox 484 1496 513 1568; x_wconf 88' lang='lat' dir='ltr'>se</span> <span class='ocrx_word' id='word_1_107' title='bbox 530 1519 568 1568; x_wconf 94' lang='lat' dir='ltr'>ut</span> <span class='ocrx_word' id='word_1_108' title='bbox 585 1495 750 1572; x_wconf 84' lang='lat' dir='ltr'>radiorum</span> <span class='ocrx_word' id='word_1_109' title='bbox 771 1494 933 1592; x_wconf 83' lang='lat' dir='ltr'>quadrata,</span> <span class='ocrx_word' id='word_1_110' title='bbox 951 1496 1113 1574; x_wconf 83' lang='lat' dir='ltr'>&amp;veloci-</span> 
     </span>
     <span class='ocr_line' id='line_1_15' title="bbox 131 1591 755 1692; baseline -0.01 -22"><span class='ocrx_word' id='word_1_111' title='bbox 131 1617 209 1670; x_wconf 83' lang='lat' dir='ltr'>tates</span> <span class='ocrx_word' id='word_1_112' title='bbox 221 1598 395 1667; x_wconf 87' lang='lat' dir='ltr'>etiamnum</span> <span class='ocrx_word' id='word_1_113' title='bbox 408 1615 447 1666; x_wconf 93' lang='lat' dir='ltr'>ut</span> <span class='ocrx_word' id='word_1_114' title='bbox 463 1591 521 1692; x_wconf 84' lang='lat' dir='ltr'>ipsr</span> <span class='ocrx_word' id='word_1_115' title='bbox 533 1592 614 1666; x_wconf 90' lang='lat' dir='ltr'>radii</span> <span class='ocrx_word' id='word_1_116' title='bbox 625 1593 755 1666; x_wconf 90' lang='lat' dir='ltr'>inverse.</span> 
     </span>
    </p>

    <p class='ocr_par' dir='ltr' id='par_1_5' title="bbox 109 1686 1114 2272">
     <span class='ocr_line' id='line_1_16' title="bbox 182 1686 1112 1790; baseline -0.009 -25"><span class='ocrx_word' id='word_1_117' title='bbox 182 1695 285 1765; x_wconf 82' lang='lat' dir='ltr'>Coroll.</span> <span class='ocrx_word' id='word_1_118' title='bbox 310 1699 380 1781; x_wconf 89' lang='lat'><em>(2.)</em></span> <span class='ocrx_word' id='word_1_119' title='bbox 416 1692 451 1763; x_wconf 89' lang='lat' dir='ltr'>si</span> <span class='ocrx_word' id='word_1_120' title='bbox 470 1693 612 1790; x_wconf 89' lang='lat' dir='ltr'>corporis</span> <span class='ocrx_word' id='word_1_121' title='bbox 632 1690 771 1783; x_wconf 85' lang='lat' dir='ltr'>cujusvis</span> <span class='ocrx_word' id='word_1_122' title='bbox 795 1691 937 1763; x_wconf 79' lang='lat' dir='ltr'>centralis</span> <span class='ocrx_word' id='word_1_123' title='bbox 955 1686 1112 1761; x_wconf 75' lang='lat' dir='ltr'>attradlivi</span> 
     </span>
     <span class='ocr_line' id='line_1_17' title="bbox 134 1785 1112 1888; baseline -0.007 -26"><span class='ocrx_word' id='word_1_124' title='bbox 134 1791 217 1862; x_wconf 82' lang='lat' dir='ltr'>vires</span> <span class='ocrx_word' id='word_1_125' title='bbox 234 1792 414 1888; x_wconf 79' lang='lat' dir='ltr'>centripetae</span> <span class='ocrx_word' id='word_1_126' title='bbox 433 1785 492 1861; x_wconf 79' lang='lat' dir='ltr'>sint</span> <span class='ocrx_word' id='word_1_127' title='bbox 503 1792 534 1862; x_wconf 91' lang='lat' dir='ltr'>in</span> <span class='ocrx_word' id='word_1_128' title='bbox 547 1786 677 1862; x_wconf 84' lang='lat' dir='ltr'>diverfis</span> <span class='ocrx_word' id='word_1_129' title='bbox 691 1786 843 1863; x_wconf 83' lang='lat' dir='ltr'>distantiis</span> <span class='ocrx_word' id='word_1_130' title='bbox 859 1789 1001 1859; x_wconf 71' lang='lat' dir='ltr'>acentre</span> <span class='ocrx_word' id='word_1_131' title='bbox 1014 1785 1069 1858; x_wconf 85' lang='lat' dir='ltr'>suo</span> <span class='ocrx_word' id='word_1_132' title='bbox 1079 1803 1112 1855; x_wconf 94' lang='lat' dir='ltr'>ut</span> 
     </span>
     <span class='ocr_line' id='line_1_18' title="bbox 134 1884 1111 1982; baseline -0.006 -23"><span class='ocrx_word' id='word_1_133' title='bbox 134 1885 352 1960; x_wconf 87' lang='lat' dir='ltr'>distantiarum</span> <span class='ocrx_word' id='word_1_134' title='bbox 378 1884 506 1959; x_wconf 86' lang='lat' dir='ltr'>istarum</span> <span class='ocrx_word' id='word_1_135' title='bbox 521 1885 610 1957; x_wconf 91' lang='lat' dir='ltr'>Cubi</span> <span class='ocrx_word' id='word_1_136' title='bbox 629 1887 809 1982; x_wconf 85' lang='lat' dir='ltr'>reciproce,</span> <span class='ocrx_word' id='word_1_137' title='bbox 822 1898 926 1959; x_wconf 71' lang='lat' dir='ltr'>‘emant</span> <span class='ocrx_word' id='word_1_138' title='bbox 944 1906 1111 1981; x_wconf 89' lang='lat' dir='ltr'>corporum</span> 
     </span>
     <span class='ocr_line' id='line_1_19' title="bbox 136 1976 1113 2078; baseline -0.007 -23"><span class='ocrx_word' id='word_1_139' title='bbox 136 1986 169 2055; x_wconf 91' lang='lat' dir='ltr'>in</span> <span class='ocrx_word' id='word_1_140' title='bbox 188 1980 318 2056; x_wconf 82' lang='lat' dir='ltr'>diversis</span> <span class='ocrx_word' id='word_1_141' title='bbox 335 1982 489 2056; x_wconf 83' lang='lat' dir='ltr'>distantiis</span> <span class='ocrx_word' id='word_1_142' title='bbox 507 1985 693 2078; x_wconf 84' lang='lat' dir='ltr'>gyrantium</span> <span class='ocrx_word' id='word_1_143' title='bbox 718 1982 899 2054; x_wconf 87' lang='lat' dir='ltr'>velocitates</span> <span class='ocrx_word' id='word_1_144' title='bbox 928 1983 960 2052; x_wconf 94' lang='lat' dir='ltr'>in</span> <span class='ocrx_word' id='word_1_145' title='bbox 984 1981 1047 2078; x_wconf 91' lang='lat' dir='ltr'>ipsa</span> <span class='ocrx_word' id='word_1_146' title='bbox 1067 1976 1113 2049; x_wconf 92' lang='lat' dir='ltr'>di·</span> 
     </span>
     <span class='ocr_line' id='line_1_20' title="bbox 137 2075 1114 2178; baseline -0.006 -27"><span class='ocrx_word' id='word_1_147' title='bbox 137 2079 317 2152; x_wconf 86' lang='lat' dir='ltr'>stantiarum</span> <span class='ocrx_word' id='word_1_148' title='bbox 337 2082 455 2151; x_wconf 92' lang='lat' dir='ltr'>ratione</span> <span class='ocrx_word' id='word_1_149' title='bbox 475 2081 653 2178; x_wconf 81' lang='lat' dir='ltr'>reciproca3</span> <span class='ocrx_word' id='word_1_150' title='bbox 683 2086 718 2150; x_wconf 81' lang='lat' dir='ltr'>dc</span> <span class='ocrx_word' id='word_1_151' title='bbox 739 2094 881 2176; x_wconf 88' lang='lat' dir='ltr'>tempora</span> <span class='ocrx_word' id='word_1_152' title='bbox 907 2075 1114 2176; x_wconf 88' lang='lat' dir='ltr'>periodicain</span> 
     </span>
     <span class='ocr_line' id='line_1_21' title="bbox 109 2174 947 2272; baseline -0.001 -26"><span class='ocrx_word' id='word_1_153' title='bbox 109 2203 113 2209; x_wconf 93' lang='grc'><em>·</em></span> <span class='ocrx_word' id='word_1_154' title='bbox 136 2175 296 2272; x_wconf 88' lang='lat' dir='ltr'>duplicata</span> <span class='ocrx_word' id='word_1_155' title='bbox 320 2175 449 2247; x_wconf 91' lang='lat' dir='ltr'>istarum</span> <span class='ocrx_word' id='word_1_156' title='bbox 467 2174 685 2248; x_wconf 87' lang='lat' dir='ltr'>distantiarum</span> <span class='ocrx_word' id='word_1_157' title='bbox 707 2177 838 2247; x_wconf 90' lang='lat' dir='ltr'>ratione.</span> <span class='ocrx_word' id='word_1_158' title='bbox 944 2254 947 2259; x_wconf 49' lang='grc'><strong>,</strong></span> 
     </span>
    </p>

    <p class='ocr_par' dir='ltr' id='par_1_6' title="bbox 139 2269 1120 2759">
     <span class='ocr_line' id='line_1_22' title="bbox 189 2269 1115 2370; baseline -0.004 -27"><span class='ocrx_word' id='word_1_159' title='bbox 189 2275 293 2343; x_wconf 84' lang='lat' dir='ltr'>Coroll.</span> <span class='ocrx_word' id='word_1_160' title='bbox 314 2278 381 2368; x_wconf 64' lang='grc' dir='ltr'>(ς.)</span> <span class='ocrx_word' id='word_1_161' title='bbox 410 2271 533 2344; x_wconf 89' lang='lat' dir='ltr'>Eadem</span> <span class='ocrx_word' id='word_1_162' title='bbox 549 2276 653 2344; x_wconf 88' lang='lat' dir='ltr'>omnia</span> <span class='ocrx_word' id='word_1_163' title='bbox 673 2270 714 2343; x_wconf 88' lang='lat' dir='ltr'>de</span> <span class='ocrx_word' id='word_1_164' title='bbox 728 2273 925 2370; x_wconf 84' lang='lat' dir='ltr'>temporibus</span> <span class='ocrx_word' id='word_1_165' title='bbox 939 2269 1115 2343; x_wconf 88' lang='lat' dir='ltr'>velocitati·</span> 
     </span>
     <span class='ocr_line' id='line_1_23' title="bbox 139 2366 1115 2467; baseline -0.005 -27"><span class='ocrx_word' id='word_1_166' title='bbox 139 2370 199 2441; x_wconf 88' lang='lat' dir='ltr'>bus</span> <span class='ocrx_word' id='word_1_167' title='bbox 211 2376 246 2440; x_wconf 82' lang='lat' dir='ltr'>dc</span> <span class='ocrx_word' id='word_1_168' title='bbox 260 2370 383 2441; x_wconf 88' lang='lat' dir='ltr'>viribus</span> <span class='ocrx_word' id='word_1_169' title='bbox 402 2372 581 2467; x_wconf 90' lang='lat' dir='ltr'>centripetis</span> <span class='ocrx_word' id='word_1_170' title='bbox 599 2371 717 2463; x_wconf 88' lang='lat' dir='ltr'>quibus</span> <span class='ocrx_word' id='word_1_171' title='bbox 730 2394 862 2467; x_wconf 90' lang='lat' dir='ltr'>corpora</span> <span class='ocrx_word' id='word_1_172' title='bbox 880 2366 995 2440; x_wconf 79' lang='lat' dir='ltr'>smiles</span> <span class='ocrx_word' id='word_1_173' title='bbox 1009 2390 1115 2438; x_wconf 89' lang='lat' dir='ltr'>curva-</span> 
     </span>
     <span class='ocr_line' id='line_1_24' title="bbox 139 2460 1117 2562; baseline -0.006 -24"><span class='ocrx_word' id='word_1_174' title='bbox 139 2490 485 2560; x_wconf 86' lang='lat' dir='ltr'>rumquarumcunque</span> <span class='ocrx_word' id='word_1_175' title='bbox 504 2465 665 2551; x_wconf 82' lang='lat' dir='ltr'>similium,</span> <span class='ocrx_word' id='word_1_176' title='bbox 690 2488 856 2560; x_wconf 89' lang='lat' dir='ltr'>centraque</span> <span class='ocrx_word' id='word_1_177' title='bbox 870 2464 1014 2536; x_wconf 83' lang='lat' dir='ltr'>smiliter</span> <span class='ocrx_word' id='word_1_178' title='bbox 1025 2460 1117 2562; x_wconf 83' lang='lat' dir='ltr'>pofita</span> 
     </span>
     <span class='ocr_line' id='line_1_25' title="bbox 140 2561 1119 2660; baseline -0.005 -25"><span class='ocrx_word' id='word_1_179' title='bbox 140 2562 325 2635; x_wconf 88' lang='lat' dir='ltr'>habentium</span> <span class='ocrx_word' id='word_1_180' title='bbox 338 2583 436 2660; x_wconf 82' lang='lat' dir='ltr'>partes</span> <span class='ocrx_word' id='word_1_181' title='bbox 444 2563 637 2644; x_wconf 88' lang='lat' dir='ltr'>describunt,</span> <span class='ocrx_word' id='word_1_182' title='bbox 654 2564 889 2657; x_wconf 88' lang='lat' dir='ltr'>consequuntur</span> <span class='ocrx_word' id='word_1_183' title='bbox 896 2588 935 2632; x_wconf 89' lang='lat' dir='ltr'>ex</span> <span class='ocrx_word' id='word_1_184' title='bbox 943 2561 1119 2658; x_wconf 79' lang='lat' dir='ltr'>praceden-</span> 
     </span>
     <span class='ocr_line' id='line_1_26' title="bbox 141 2658 1120 2759; baseline -0.004 -27"><span class='ocrx_word' id='word_1_185' title='bbox 141 2664 226 2733; x_wconf 91' lang='lat' dir='ltr'>tium</span> <span class='ocrx_word' id='word_1_186' title='bbox 243 2658 283 2732; x_wconf 93' lang='lat' dir='ltr'>ad</span> <span class='ocrx_word' id='word_1_187' title='bbox 303 2662 441 2731; x_wconf 89' lang='lat' dir='ltr'>circulos</span> <span class='ocrx_word' id='word_1_188' title='bbox 466 2660 625 2757; x_wconf 87' lang='lat' dir='ltr'>speciatim</span> <span class='ocrx_word' id='word_1_189' title='bbox 638 2663 868 2759; x_wconf 86' lang='lat' dir='ltr'>applicatorum</span> <span class='ocrx_word' id='word_1_190' title='bbox 880 2658 1120 2731; x_wconf 87' lang='lat' dir='ltr'>demonstratio·</span> 
     </span>
    </p>

    <p class='ocr_par' dir='ltr' id='par_1_7' title="bbox 122 2755 1129 2855">
     <span class='ocr_line' id='line_1_27' title="bbox 122 2755 1129 2855; baseline -0.01 -25"><span class='ocrx_word' id='word_1_191' title='bbox 122 2755 380 2831; x_wconf 76' lang='lat' dir='ltr'>&#39;nibmadcasus</span> <span class='ocrx_word' id='word_1_192' title='bbox 395 2755 487 2831; x_wconf 87' lang='lat' dir='ltr'>hosce</span> <span class='ocrx_word' id='word_1_193' title='bbox 499 2757 697 2855; x_wconf 88' lang='lat' dir='ltr'>applicandis.</span> <span class='ocrx_word' id='word_1_194' title='bbox 1126 2814 1129 2820; x_wconf 90' lang='lat'>.</span> 
     </span>
    </p>

    <p class='ocr_par' dir='ltr' id='par_1_8' title="bbox 142 2853 1126 3047">
     <span class='ocr_line' id='line_1_28' title="bbox 191 2853 1122 2954; baseline 0 -31"><span class='ocrx_word' id='word_1_195' title='bbox 191 2855 350 2925; x_wconf 69' lang='lat' dir='ltr'>Sabellum.</span> <span class='ocrx_word' id='word_1_196' title='bbox 390 2860 479 2926; x_wconf 92' lang='lat' dir='ltr'>Cum</span> <span class='ocrx_word' id='word_1_197' title='bbox 498 2853 724 2954; x_wconf 81' lang='lat' dir='ltr'>Propositionis</span> <span class='ocrx_word' id='word_1_198' title='bbox 747 2881 798 2950; x_wconf 75' lang='lat'>13·</span> <span class='ocrx_word' id='word_1_199' title='bbox 826 2853 909 2924; x_wconf 88' lang='lat' dir='ltr'>casus</span> <span class='ocrx_word' id='word_1_200' title='bbox 931 2856 963 2924; x_wconf 94' lang='lat' dir='ltr'>in</span> <span class='ocrx_word' id='word_1_201' title='bbox 982 2854 1122 2949; x_wconf 87' lang='lat' dir='ltr'>corpori·</span> 
     </span>
     <span class='ocr_line' id='line_1_29' title="bbox 142 2949 1126 3047; baseline 0 -28"><span class='ocrx_word' id='word_1_202' title='bbox 142 2951 203 3020; x_wconf 86' lang='lat' dir='ltr'>bus</span> <span class='ocrx_word' id='word_1_203' title='bbox 215 2950 396 3022; x_wconf 87' lang='lat' dir='ltr'>coelestibus</span> <span class='ocrx_word' id='word_1_204' title='bbox 413 2953 566 3032; x_wconf 91' lang='lat' dir='ltr'>obtineat,</span> <span class='ocrx_word' id='word_1_205' title='bbox 584 2976 695 3047; x_wconf 89' lang='lat' dir='ltr'>nempe</span> <span class='ocrx_word' id='word_1_206' title='bbox 707 2949 796 3044; x_wconf 87' lang='lat' dir='ltr'>quod</span> <span class='ocrx_word' id='word_1_207' title='bbox 813 2972 997 3046; x_wconf 89' lang='lat' dir='ltr'>temporum</span> <span class='ocrx_word' id='word_1_208' title='bbox 1022 2952 1126 3046; x_wconf 61' lang='lat' dir='ltr'>perio·</span> 
     </span>
    </p>

    <p class='ocr_par' dir='ltr' id='par_1_9' title="bbox 144 3044 1138 3993">
     <span class='ocr_line' id='line_1_30' title="bbox 144 3044 1126 3146; baseline 0 -28"><span class='ocrx_word' id='word_1_209' title='bbox 144 3045 294 3118; x_wconf 92' lang='lat' dir='ltr'>dicorum</span> <span class='ocrx_word' id='word_1_210' title='bbox 309 3045 462 3138; x_wconf 91' lang='lat' dir='ltr'>quadrata</span> <span class='ocrx_word' id='word_1_211' title='bbox 480 3048 550 3118; x_wconf 91' lang='lat' dir='ltr'>sunt</span> <span class='ocrx_word' id='word_1_212' title='bbox 572 3049 653 3119; x_wconf 90' lang='lat' dir='ltr'>inter</span> <span class='ocrx_word' id='word_1_213' title='bbox 671 3048 699 3118; x_wconf 89' lang='lat' dir='ltr'>se</span> <span class='ocrx_word' id='word_1_214' title='bbox 719 3049 840 3146; x_wconf 88' lang='lat' dir='ltr'>ubique</span> <span class='ocrx_word' id='word_1_215' title='bbox 859 3071 897 3120; x_wconf 94' lang='lat' dir='ltr'>ut</span> <span class='ocrx_word' id='word_1_216' title='bbox 908 3044 1126 3119; x_wconf 88' lang='lat' dir='ltr'>distantiarum</span> 
     </span>
     <span class='ocr_line' id='line_1_31' title="bbox 146 3142 1130 3241; baseline 0.002 -27"><span class='ocrx_word' id='word_1_217' title='bbox 146 3143 249 3223; x_wconf 91' lang='lat' dir='ltr'>Cubi,</span> <span class='ocrx_word' id='word_1_218' title='bbox 262 3149 295 3214; x_wconf 73' lang='grc' dir='ltr'>δε</span> <span class='ocrx_word' id='word_1_219' title='bbox 308 3143 399 3234; x_wconf 93' lang='lat' dir='ltr'>quod</span> <span class='ocrx_word' id='word_1_220' title='bbox 413 3143 634 3240; x_wconf 87' lang='lat' dir='ltr'>proindevires</span> <span class='ocrx_word' id='word_1_221' title='bbox 646 3147 825 3241; x_wconf 81' lang='lat' dir='ltr'>centripetae</span> <span class='ocrx_word' id='word_1_222' title='bbox 837 3145 907 3216; x_wconf 93' lang='lat' dir='ltr'>sunt</span> <span class='ocrx_word' id='word_1_223' title='bbox 919 3164 957 3214; x_wconf 94' lang='lat' dir='ltr'>ut</span> <span class='ocrx_word' id='word_1_224' title='bbox 967 3142 1130 3216; x_wconf 87' lang='lat' dir='ltr'>distantia·</span> 
     </span>
     <span class='ocr_line' id='line_1_32' title="bbox 145 3239 1130 3336; baseline 0 -23"><span class='ocrx_word' id='word_1_225' title='bbox 145 3268 218 3313; x_wconf 92' lang='lat' dir='ltr'>rum</span> <span class='ocrx_word' id='word_1_226' title='bbox 243 3239 394 3335; x_wconf 88' lang='lat' dir='ltr'>quadrata</span> <span class='ocrx_word' id='word_1_227' title='bbox 417 3242 591 3336; x_wconf 87' lang='lat' dir='ltr'>reciproce,</span> <span class='ocrx_word' id='word_1_228' title='bbox 613 3250 646 3313; x_wconf 92' lang='lat'>&amp;</span> <span class='ocrx_word' id='word_1_229' title='bbox 661 3245 844 3316; x_wconf 85' lang='lat' dir='ltr'>velocitates</span> <span class='ocrx_word' id='word_1_230' title='bbox 863 3245 894 3314; x_wconf 92' lang='lat' dir='ltr'>in</span> <span class='ocrx_word' id='word_1_231' title='bbox 910 3239 1130 3314; x_wconf 88' lang='lat' dir='ltr'>distantiarum</span> 
     </span>
     <span class='ocr_line' id='line_1_33' title="bbox 145 3335 1130 3436; baseline -0.002 -26"><span class='ocrx_word' id='word_1_232' title='bbox 145 3338 275 3410; x_wconf 79' lang='lat' dir='ltr'>istarum</span> <span class='ocrx_word' id='word_1_233' title='bbox 284 3337 627 3436; x_wconf 88' lang='lat' dir='ltr'>rationesubduplicata</span> <span class='ocrx_word' id='word_1_234' title='bbox 635 3341 796 3436; x_wconf 89' lang='lat' dir='ltr'>reciproce</span> <span class='ocrx_word' id='word_1_235' title='bbox 808 3366 819 3421; x_wconf 91' lang='lat'>;</span> <span class='ocrx_word' id='word_1_236' title='bbox 849 3364 924 3411; x_wconf 88' lang='lat' dir='ltr'>curn</span> <span class='ocrx_word' id='word_1_237' title='bbox 931 3341 1063 3432; x_wconf 89' lang='lat' dir='ltr'>inquam</span> <span class='ocrx_word' id='word_1_238' title='bbox 1077 3335 1130 3409; x_wconf 88' lang='lat' dir='ltr'>hic</span> 
     </span>
     <span class='ocr_line' id='line_1_34' title="bbox 144 3432 1133 3533; baseline -0.001 -26"><span class='ocrx_word' id='word_1_239' title='bbox 144 3436 229 3507; x_wconf 85' lang='lat' dir='ltr'>casus</span> <span class='ocrx_word' id='word_1_240' title='bbox 237 3436 268 3506; x_wconf 92' lang='lat' dir='ltr'>in</span> <span class='ocrx_word' id='word_1_241' title='bbox 276 3432 707 3533; x_wconf 84' lang='lat' dir='ltr'>Systematemundanoisque</span> <span class='ocrx_word' id='word_1_242' title='bbox 718 3434 1133 3530; x_wconf 87' lang='lat' dir='ltr'>solusubiqueobtineat,uti</span> 
     </span>
     <span class='ocr_line' id='line_1_35' title="bbox 147 3531 1133 3630; baseline 0.003 -30"><span class='ocrx_word' id='word_1_243' title='bbox 147 3531 275 3604; x_wconf 84' lang='lat' dir='ltr'>seorlim</span> <span class='ocrx_word' id='word_1_244' title='bbox 286 3534 578 3630; x_wconf 77' lang='lat' dir='ltr'>colligeruntetiam</span> <span class='ocrx_word' id='word_1_245' title='bbox 585 3531 733 3604; x_wconf 88' lang='lat' dir='ltr'>nostrates</span> <span class='ocrx_word' id='word_1_246' title='bbox 745 3538 918 3613; x_wconf 90' lang='lat' dir='ltr'>Wrennus,</span> <span class='ocrx_word' id='word_1_247' title='bbox 933 3533 1087 3627; x_wconf 78' lang='lat' dir='ltr'>Hoolclus</span> <span class='ocrx_word' id='word_1_248' title='bbox 1098 3538 1133 3603; x_wconf 89' lang='lat'>&amp;</span> 
     </span>
     <span class='ocr_line' id='line_1_36' title="bbox 149 3625 1133 3726; baseline 0.004 -30"><span class='ocrx_word' id='word_1_249' title='bbox 149 3631 305 3721; x_wconf 83' lang='lat' dir='ltr'>Halleius,</span> <span class='ocrx_word' id='word_1_250' title='bbox 319 3637 352 3700; x_wconf 71' lang='grc' dir='ltr'>δι</span> <span class='ocrx_word' id='word_1_251' title='bbox 370 3629 433 3721; x_wconf 88' lang='lat' dir='ltr'>jam</span> <span class='ocrx_word' id='word_1_252' title='bbox 452 3629 499 3700; x_wconf 89' lang='lat' dir='ltr'>est</span> <span class='ocrx_word' id='word_1_253' title='bbox 513 3628 597 3723; x_wconf 88' lang='lat' dir='ltr'>apud</span> <span class='ocrx_word' id='word_1_254' title='bbox 613 3629 820 3703; x_wconf 84' lang='lat' dir='ltr'>Astronomos</span> <span class='ocrx_word' id='word_1_255' title='bbox 830 3625 1091 3726; x_wconf 82' lang='lat' dir='ltr'>receptiffimum,</span> <span class='ocrx_word' id='word_1_256' title='bbox 1107 3630 1133 3700; x_wconf 93' lang='lat' dir='ltr'>i·</span> 
     </span>
     <span class='ocr_line' id='line_1_37' title="bbox 149 3719 1137 3825; baseline 0.005 -33"><span class='ocrx_word' id='word_1_257' title='bbox 149 3721 225 3793; x_wconf 86' lang='lat' dir='ltr'>dem</span> <span class='ocrx_word' id='word_1_258' title='bbox 238 3728 322 3796; x_wconf 86' lang='lat' dir='ltr'>casus</span> <span class='ocrx_word' id='word_1_259' title='bbox 339 3730 433 3825; x_wconf 85' lang='lat' dir='ltr'>longe</span> <span class='ocrx_word' id='word_1_260' title='bbox 451 3725 660 3799; x_wconf 86' lang='lat' dir='ltr'>nobilillrmus</span> <span class='ocrx_word' id='word_1_261' title='bbox 683 3730 714 3798; x_wconf 89' lang='lat' dir='ltr'>in</span> <span class='ocrx_word' id='word_1_262' title='bbox 735 3720 1016 3820; x_wconf 74' lang='lat' dir='ltr'>sequentibus&#39;erit</span> <span class='ocrx_word' id='word_1_263' title='bbox 1030 3719 1137 3798; x_wconf 79' lang='lat' dir='ltr'>lulius</span> 
     </span>
     <span class='ocr_line' id='line_1_38' title="bbox 149 3817 1137 3921; baseline 0.005 -31"><span class='ocrx_word' id='word_1_264' title='bbox 149 3817 373 3917; x_wconf 84' lang='lat' dir='ltr'>&amp;diligentius</span> <span class='ocrx_word' id='word_1_265' title='bbox 383 3823 598 3921; x_wconf 80' lang='lat' dir='ltr'>exponendus,</span> <span class='ocrx_word' id='word_1_266' title='bbox 611 3823 893 3918; x_wconf 87' lang='lat' dir='ltr'>dumreliquorum</span> <span class='ocrx_word' id='word_1_267' title='bbox 905 3822 1137 3918; x_wconf 74' lang='lat' dir='ltr'>consequentiae</span> 
     </span>
     <span class='ocr_line' id='line_1_39' title="bbox 352 3922 1138 3993; baseline -0.003 2"><span class='ocrx_word' id='word_1_268' title='bbox 352 3942 353 3946; x_wconf 73' lang='grc'>’</span> <span class='ocrx_word' id='word_1_269' title='bbox 403 3941 406 3947; x_wconf 85' lang='grc'>’</span> <span class='ocrx_word' id='word_1_270' title='bbox 447 3936 449 3941; x_wconf 81' lang='grc'>’</span> <span class='ocrx_word' id='word_1_271' title='bbox 853 3936 863 3944; x_wconf 86' lang='grc'>”</span> <span class='ocrx_word' id='word_1_272' title='bbox 1073 3922 1138 3993; x_wconf 79' lang='lat' dir='ltr'>levi</span> 
     </span>
    </p>
   </div>
   <div class='ocr_carea' id='block_1_4' title="bbox 0 0 1282 4366">
    <p class='ocr_par' dir='ltr' id='par_1_10' title="bbox 0 0 1282 4366">
     <span class='ocr_line' id='line_1_40' title="bbox 0 0 1282 4366; baseline 0 0"><span class='ocrx_word' id='word_1_273' title='bbox 0 0 1282 4366; x_wconf 95' lang='lat' dir='ltr'> </span> 
     </span>
    </p>
   </div>
  </div>
 </body>
</html>
