2484 4366
190 200 261 271 290
455 176 921 257 rraeancrroruas

186 314 254 392 las,·
277 309 328 382 uti
344 307 385 382 fit
403 310 435 383 iu
451 311 694 387 attrallionibus
712 312 937 410 Magneticis,
963 316 1001 384 δι
1014 306 1175 387 Eleblricitr

190 409 251 482 ubi
269 433 338 502 quo
357 406 459 500 majus
478 407 526 481 est
547 406 717 490 attrahens,
741 434 782 481 eo
797 412 934 483 caeteris
954 411 1089 508 paribus
1102 413 1176 505 nujn

190 505 238 580 est
249 506 407 578 attraffio.
458 507 578 579 Oritur
598 510 684 581 enim
695 507 845 580 attrafflo
863 511 980 581 omnis
998 511 1033 581 in
1045 530 1176 583 totumu

189 604 431 679 attraClionibus
446 605 479 675 in
494 626 596 703 partes
612 603 746 704 singulas
754 633 765 685 ,·
787 629 849 677 nec
864 607 966 679 aliter
980 631 1035 680 res
1050 610 1104 681 rite
1120 633 1177 679 con

189 704 257 802 cipi
270 700 385 800 potest.
436 702 514 775 Hoc
532 702 658 776 facilius
670 705 872 800 intelligetur
889 706 925 777 in
937 707 1175 803 gravitatem

190 798 1171 997 ...affin
1230 851 1237 987 ;

187 1018 294 1068 netam
304 1020 508 1109 componere.
559 1002 648 1070 Nam
661 1022 709 1071 vrs
727 1018 825 1071 totius
849 1022 896 1069 ex
916 999 1056 1073 viribus
1068 1002 1171 1100 putiun
1232 1012 1236 1082 i

188 1116 453 1192 componentium
476 1094 555 1166 oriri
578 1097 710 1169 omnino
734 1093 845 1169 debet.
901 1097 1041 1191 siquis
1063 1097 1169 1191 objiciat
1233 1090 1236 1163 ἶ

188 1190 294 1285 Quod
307 1217 440 1292 corpora
452 1194 560 1265 omnia
577 1217 652 1286 quae
666 1190 752 1291 apud
764 1217 819 1265 nos
833 1190 924 1273 sunt,
942 1190 1053 1268 haclc
1097 1196 1169 1295 gitti
1235 1277 1236 1287 p

188 1312 256 1365 tare
272 1289 425 1365 deberent
439 1293 471 1363 in
482 1290 512 1363 le
528 1312 664 1374 mutu03
692 1315 769 1363 cum
784 1311 895 1363 tamen
911 1291 1030 1383 ejusm
1078 1294 1169 1392 'grati-
1232 1331 1236 1402 p

187 1411 233 1463 tas
251 1391 440 1482 neutiquam
458 1387 632 1472 sentiatur;
661 1384 839 1486 Responfio
866 1387 983 1462 facilis
1012 1389 1082 1476 est,·
1107 1385 1170 1485 quui
1231 1434 1236 1472 r

186 1487 324 1586 gravitas
338 1489 370 1557 in
389 1484 460 1558 haec
480 1509 626 1655 corpora,
652 1512 729 1571 cum
745 1482 786 1560 stt
802 1484 845 1565 ad
860 1489 1071 1584 gravitatem
1087 1490 1169 1561 inter·
1228 1528 1236 1571 1

185 1610 253 1656 ram
280 1604 400 1664 totam,
432 1584 500 1681 pari
547 1581 683 1664 illontia,
715 1605 753 1659 ut
781 1582 854 1657 sunt
879 1581 961 1656 haec
989 1582 1169 1685 corporati
1227 1627 1236 1670 ς

188 1681 328 1755 Terram
345 1703 461 1762 totam,
486 1678 539 1753 lon
603 1684 708 1755 minor
724 1678 785 1762 est,
806 1706 910 1775 quam
927 1704 974 1763 ut
992 1686 1064 1757 ullo
1079 1681 1169 1759 indicit
1227 1723 1236 1768 ι

186 1778 324 1855 senfibili
336 1777 483 1879 dignosci
495 1705 602 1876 pobit.
1225 1818 1235 1891 t

238 1882 337 1952 Coroll.
349 1885 418 1967 (z.)
449 1879 635 1951 Gravitatio
653 1878 686 1949 in
706 1875 841 1974 fingulas
860 1882 1019 1976 corporis
1031 1880 1167 1977 partitus
1227 1901 1235 1964 ε

184 1981 321 2071 aquales
338 1973 385 2048 est
397 1977 560 2073 reciproce
581 1997 619 2048 ut
630 1972 824 2069 quadratum
836 1971 1009 2049 distantiae
1025 1977 1169 2050 locomnl

205 2076 356 2147 articulis.

182 2091 205 2221 Ρ
236 2176 435 2244 LXXXIII.
464 2172 499 2243 si
510 2169 699 2243 Globortnn
717 2168 860 2241 duorum
877 2169 912 2240 in
934 2169 969 2243 se
986 2193 1104 2245 mutuo
1114 2196 1170 2269 gra·

184 2270 358 2341 vitantium
374 2270 504 2340 materia
517 2264 661 2361 undique
679 2269 712 2340 in
735 2265 926 2365 regionibus
947 2295 1031 2364 quae
1052 2270 1172 2344 acernis

187 2369 356 2459 aqualiter
376 2364 494 2438 distant
517 2362 716 2464 homogonea
733 2362 784 2445 sit,
808 2365 869 2436 erit
881 2365 1024 2460 pondus
1040 2367 1173 2440 Globial

185 2467 338 2576 terutrius
359 2466 391 2535 in
417 2465 554 2536 alterum
573 2466 737 2564 reciproce
758 2484 795 2535 ut
812 2459 1027 2555 quadratum
1046 2465 1171 2540 distantia

183 2583 266 2635 inter
289 2584 405 2635 centra.

235 2659 409 2757 Postquam
438 2655 606 2730 inveniffct
638 2660 696 2732 Cl.
723 2663 911 2735 Newtonus
941 2660 1168 2757 gravitatemin
1224 2695 1234 2757 .‘

188 2757 470 2832 Planetamtotum
483 2757 563 2827 oriri
577 2764 611 2827 δι
628 2758 780 2853 componi
790 2781 831 2826 ex
845 2759 1076 2852 gravitatibus
1087 2763 1116 2833 in
1124 2783 1170 2857 ptr
1200 2804 1234 2869 p„

186 2873 245 2936 tes,
272 2865 306 2929 &
322 2853 384 2929 elie
408 2856 440 2926 in
462 2874 565 2951 partes
584 2851 719 2952 singulas
734 2855 900 2952 reciproce
917 2858 1167 2954 proportionalem
1198 2883 1234 2950 pt

182 2953 345 3043 quadratis
370 2950 590 3024 distantiarum
620 2953 638 3022 i
663 2950 817 3050 partibus,
841 2947 1038 3039 dubitabat,
1061 2982 1099 3029 an
1113 2954 1163 3028 reti
1196 2989 1221 3062 lu

183 3055 280 3145 proca
299 3054 351 3122 illa
368 3051 536 3146 proportio
555 3047 718 3146 duplicata
742 3048 903 3120 obtineret
933 3075 1093 3142 accurate
1113 3047 1162 3126 ini
1195 3076 1234 3146 pp

183 3164 254 3219 tota
275 3174 315 3220 ex
345 3148 487 3246 partibus
512 3146 659 3240 pluribus
682 3142 875 3244 compofita3
912 3171 954 3218 an
973 3174 1065 3225 vero
1083 3171 1161 3246 quau
1195 3162 1234 3242 lg

182 3247 344 3341 proxime.
397 3250 485 3317 Nam
504 3243 576 3316 fieri
598 3247 706 3342 potuit
727 3265 765 3317 ut
784 3246 958 3342 proportio
971 3247 1033 3319 illa
1050 3251 1085 3321 in
1095 3244 1160 3336 ma'r
1197 3268 1234 3336 fl:

182 3341 432 3416 ribusdistantiis
448 3341 710 3425 satisobtineret3
737 3362 769 3414 at
802 3365 878 3438 rope
893 3338 1159 3438 superficiemlb
1198 3360 1234 3433 Γ

181 3462 264 3512 netae
278 3441 505 3534 obinaequales
521 3442 748 3539 particularum
767 3365 930 3512 iirbntias
945 3445 984 3509 δε
1009 3434 1157 3517 fitusdll
1198 3475 1233 3533 lu

178 3540 270 3611 miles
287 3538 471 3612 notabiliter
487 3559 618 3610 erraret.
667 3535 818 3618 Tandem
840 3559 921 3608 vero
939 3559 1001 3633 per
1031 3550 1157 3640 Propp
1198 3562 1233 3631 pc

178 3635 285 3732 &45.
313 3637 502 3735 &ipsarum
525 3637 705 3707 Corollaria
726 3630 856 3706 eandem
882 3634 1156 3732 proportionemi
1199 3661 1229 3731 p

175 3726 335 3822 sphaericis
349 3736 549 3832 corporibus,
559 3732 599 3805 ad
613 3732 744 3805 eandem
760 3731 883 3825 ubique
896 3733 914 3804 a
932 3739 1060 3809 centris
1074 3734 1157 3811 distr
1201 3776 1233 3824 n

176 3827 254 3901 tiam
276 3856 368 3925 aeque
380 3830 497 3915 deuiis,
517 3851 670 3905 accurate
681 3830 826 3919 obtinere
846 3831 1029 3911 intellexit.
1117 3926 1152 4000 Ν
