2484 4366
259 236 956 315 PHrslco-MATHEMATJM.
1040 242 1114 320 '181'

111 386 193 440 tur.
241 369 297 448 Et,
315 367 334 438 ὲ
353 387 475 448 contra,
507 369 542 440 Si
559 369 606 438 vis
622 367 794 463 centripeta
813 365 972 441 decrescat
994 369 1110 442 inmi-

117 489 201 537 nore
216 465 334 538 ratione
353 489 450 559 quam
466 462 623 539 distantia
635 465 806 561 duplicata,
831 486 868 536 ut
881 464 920 539 fit
932 468 1014 539 circa
1028 491 1109 561 qua·

120 561 281 642 draturas,
301 559 387 634 casus
400 565 572 635 contrarius
592 561 764 656 sequetur=
791 562 979 639 &satellitis
999 586 1108 643 motus

120 660 140 732 Ξ
155 679 252 732 motu
304 658 471 757 rspiralem
486 661 639 760 angulum
651 659 734 732 radii
746 664 945 758 &tangentis
958 686 1107 749 nonmu-

117 777 242 831 tantem
283 757 382 831 'verso
398 759 544 830 orietur:
572 763 622 829 Ita
642 779 678 828 ut
694 758 827 855 angulus
844 757 903 834 iste
922 761 1106 834 citius'mu·

115 876 221 936 tetur,
237 861 271 927 δι
284 853 325 928 ad
336 855 454 926 tedam
468 858 626 954 pertingat
643 856 737 926 citius
755 880 853 946 quam
866 858 1060 970 pertingeret
1080 856 1105 928 sr

115 956 206 1026 vires
216 949 313 1025 essent
325 954 382 1024 ini
403 952 432 1025 sa
450 956 570 1026 ratione
582 950 738 1024 distantia
747 949 909 1049 duplicata
921 980 1105 1053 reciprocat

119 1054 203 1122 Hoc
210 1047 266 1131 est,
282 976 443 1148 Apfidm
452 1052 531 1122 linea
536 1047 745 1148 regredietur.
780 1051 1013 1133 Inlocisautem
1025 1054 1118 1129 inter·

119 1146 312 1245 syzygias&
324 1145 529 1241 quadraturas
537 1145 730 1219 intermediis
748 1143 865 1243 pendet
877 1171 984 1220 motus
991 1148 1107 1246 apsidis

122 1243 260 1318 excausa
271 1265 403 1339 utraque
412 1245 628 1336 conjunffima
654 1244 734 1317 adeo
744 1265 846 1339 utpro
855 1241 950 1335 hujus
963 1248 1016 1320 vel
1027 1248 1104 1318 alter

120 1345 188 1414 rius
201 1339 554 1440 excessuprogrediatur
563 1342 692 1438 ipsave}
700 1338 907 1440 regrediatur.
918 1341 1020 1416 Unde
1029 1367 1107 1416 cum

118 1442 168 1512 vis
193 1445 231 1507 K
231 1445 274 1520 L,
298 1441 352 1511 vel
374 1439 419 1529 kl
438 1442 471 1512 in
490 1441 655 1537 syzygiis,
680 1461 718 1511 ut
733 1464 835 1537 nuper
850 1442 1044 1520 notavimus,
1065 1437 1106 1512 sit
1217 1486 1220 1504 ι

116 1535 211 1630 quasi
230 1534 332 1634 duplo
350 1537 451 1629 major
466 1562 564 1633 quam
579 1539 628 1609 vis
651 1542 752 1617 LM,
777 1539 831 1608 vel
853 1539 958 1610 lm‘iu
971 1535 1106 1634 quadra-
1196 1599 1200 1608 .

119 1636 218 1716 turis3
250 1630 391 1705 excelsus
417 1637 448 1706 in
467 1655 536 1706 tota
554 1635 667 1727 quavis
698 1635 897 1705 revolutione
925 1658 987 1708 errt
1015 1659 1107 1733 penes

117 1733 192 1801 vim
209 1730 361 1822 majorem
384 1737 420 1805 K
426 1737 468 1813 L,
493 1735 545 1805 vel
569 1731 621 1820 l<13
654 1729 880 1823 transferetque
895 1730 1035 1828 apfidem
1043 1730 1106 1804 sm·

120 1829 206 1924 gulis
217 1829 470 1902 revolutionibus
481 1831 513 1901 iu
528 1828 758 1921 consequentia.
1062 1882 1068 1892 .

170 1929 274 1996 Caroll.
293 1936 308 2013 (
315 1938 371 2015 1.)·
392 1928 481 2000 Hinc
500 1927 745 2018 inequalitatem
767 1925 864 2004 illam,
891 1922 956 1998 five
978 1920 1106 1998 motum

118 2020 353 2119 progreflivum
367 2029 407 2093 ,&
419 2022 627 2122 regreffivum
642 2020 755 2119 apsidis
774 2024 911 2093 Lunaris
930 2022 1049 2094 solvere
1067 2025 1106 2094 li,

120 2141 194 2198 cet,
226 2143 288 2212 qua
311 2122 354 2192 ita
377 2141 527 2192 movetur
553 2143 720 2218 apogaeum
749 2121 843 2191 utin
870 2120 1023 2218 Syzygiis
1044 2119 1105 2192 suis

116 2215 345 2314 progrediatur
357 2221 501 2298 celerius,
528 2225 561 2289 &
575 2218 607 2288 in
622 2215 821 2310 quadraturis
828 2217 1027 2314 regrediatur
1042 2238 1106 2290 tar·

114 2311 219 2385 dius:
252 2319 285 2384 &
310 2314 436 2388 exceffu
455 2337 561 2386 motus
577 2339 636 2412 pro
675 2312 766 2386 effivi
788 2313 878 2410 supra
896 2313 1104 2412 regreffivum
1145 2315 1147 2318 ’

115 2409 240 2504 quovis
258 2409 359 2482 mense
377 2411 497 2484 feratur
514 2414 546 2485 in
573 2341 803 2505 conieiquentia,
827 2410 945 2508 gradus
962 2433 1023 2483 tres
1043 2416 1105 2484 cir-

104 2510 210 2579 ¹citer.
261 2512 372 2602 Atque
388 2511 431 2580 ita
456 2511 617 2606 integrum
641 2511 799 2581 circulum
818 2532 971 2581 annorum
991 2507 1105 2580 decem

100 2603 234 2702 ·spatio,
249 2625 304 2676 aut
312 2605 407 2702 paulo
419 2608 513 2678 citius
521 2628 694 2703 percurrat.
745 2611 783 2676 In
796 2604 1105 2696 circumjovialibus,

112 2726 196 2795 quae
225 2701 256 2772 in
280 2703 408 2774 circulis
438 2702 504 2776 fere
525 2723 708 2781 moventur,
740 2702 834 2773 nullae
859 2703 912 2772 vel
941 2699 1105 2772 insensibi-

116 2800 163 2870 ies
177 2797 293 2870 dantur
315 2796 446 2897 apsides,
470 2800 613 2895 adeoque
640 2802 751 2872 locum
768 2822 831 2868 non
854 2794 951 2868 habet
977 2796 1107 2893 praesens

113 2893 359 2967 demonstratio.
410 2902 449 2968 In
469 2895 750 2970 Circumsaturniis
765 2916 891 2974 autem,
925 2891 1027 2966 sacubi
1048 2921 1105 2968 oc,

115 3012 229 3064 currat
246 2995 460 3067 eccentricitas
475 2995 634 3074 nonnulla,
658 2996 768 3066 locum
788 2994 927 3086 aliquem
946 2989 1103 3082 habebit:

115 3088 175 3161 sed
199 3111 328 3187 propter
338 3113 520 3189 temporum
529 3090 765 3190 periodicorum
777 3092 978 3186 parvitatem,
992 3088 1016 3162 sr
1028 3116 1105 3171 cum

119 3189 243 3282 ingenti
252 3189 330 3259 Solis
341 3186 497 3264 distaida,
522 3189 708 3281 viribusque
721 3186 853 3285 proinde
869 3186 1010 3279 ejusdem
1017 3205 1105 3284 pere.-

99 3318 102 3323 ·
119 3285 243 3380 anguis,
267 3291 301 3354 δε
321 3289 445 3359 Saturni
466 3284 564 3382 ipsius
580 3283 798 3383 magnitudine
816 3304 1030 3381 comparetur,
1055 3287 1108 3354 Aa

116 3385 227 3479 pogaai
243 3384 382 3455 mutatio
395 3385 514 3457 tantilla
526 3387 598 3464 erit,
623 3405 661 3455 ut
680 3384 769 3455 nullo
787 3379 888 3453 modo
905 3381 923 3449 a
941 3381 1032 3452 nobis
1044 3380 1105 3455 ob.-

114 3478 237 3551 servari
255 3503 364 3574 queat,
388 3480 509 3563 nedum
529 3481 568 3553 ad
589 3504 719 3552 examen
743 3486 777 3550 &
801 3479 961 3550 calculum
977 3474 1104 3561 reduci,

170 3581 276 3671 Coroll.
300 3585 369 3667 (2.)
399 3584 489 3651 Cum
508 3581 616 3672 itaque
638 3575 772 3674 pendeat
795 3571 939 3672 apsidum
960 3573 1104 3671 progresz·

93 3722 98 3729 ·
120 3671 173 3742 sus
186 3674 239 3744 vel
254 3698 287 3744 re
326 3672 407 3746 effus
423 3678 440 3746 a
459 3674 669 3749 decremento*
683 3676 730 3745 vis
750 3673 946 3765 centripeta,
971 3669 1105 3747 fadoin
1160 3695 1165 3704 ·

118 3767 236 3856 majori
247 3700 326 3843 uei¹
313 3773 432 3843 minori
444 3797 541 3867 quam
554 3770 716 3869 duplicata
727 3769 846 3840 ratione
859 3762 1014 3839 distantia
1032 3773 1058 3837 S
1064 3777 1104 3848 Ρ,

118 3866 175 3966 yel
197 3873 244 3966 Sp
267 3870 300 3942 in
323 3866 455 3949 tranfitu
482 3871 623 3968 corporis
647 3868 686 4037 pp
709 3862 814 3963 apfide
828 3864 891 3951 ima
907 3862 948 3952 ad
964 3862 1104 4031 ,apfisdrm

652 4037 675 4045 ,A
719 3990 732 4061 3
930 4048 932 4053 Ι
1031 3983 1103 4046 um!
