2484 4366
205 218 208 222 s
270 153 961 246 PHYSICo-MATHEMArlcvf.
1044 193 1108 269 333

117 303 211 384 latus,
234 325 271 373 ea
290 326 371 378 curn
383 303 509 390 raritate
525 317 622 396 ¹quam
636 297 766 373 haberet
782 299 814 370 in
837 292 1006 374 altitudine
1020 301 1116 376 seml-

118 395 264 475 diametri
278 403 372 471 unius
382 397 547 480 terrestris,
572 401 717 499 impleret
733 422 842 470 omues
858 401 1052 474 planetarum
1062 407 1113 491 re}

118 501 227 598 giones
240 495 280 569 ad
294 498 393 593 usque
407 495 557 596 sphaeram
575 499 700 571 Saturni
712 502 746 567 &
758 498 853 594 longe
868 499 961 569 ultra.
977 492 1114 572 Proinde

119 621 196 678 cum
210 612 261 668 aer
282 592 388 667 adhuc
409 595 503 667 altior
522 596 556 666 in
576 593 764 668 immensum
785 592 933 678 rarescat3
961 601 996 667 ὅτ
1019 620 1115 671 coma

115 693 172 765 seu
186 691 411 791 Atmosphaera
428 699 589 775 Cometa,
614 689 809 766 ascendendo
823 691 862 762 ab
881 693 965 765 illius
990 715 1114 776 centro,

115 788 209 886 quast
223 789 361 888 decuplo
373 791 466 863 altior
481 788 521 864 fit
538 814 637 884 quam
655 790 690 862 su
731 788 837 862 rficies
851 793 969 869 nuclei,
990 790 1112 876 ,deinde

116 886 219 961 cauda
232 885 338 960 adhuc
357 889 449 960 altius
473 886 628 970 ascendat,
650 886 694 961 de
735 887 785 959 bit
811 886 914 960 cauda
936 882 1114 984 essequam

118 983 281 1059 rarissima.
332 990 379 1058 Et
391 987 551 1080 quamvis,
576 987 620 1057 ob
641 987 736 1085 longe
754 983 935 1059 craffiorem
955 989 1114 1061 Cometa·

117 1109 194 1157 rum
208 1080 476 1180 Atmosphaeram‚
502 1107 711 1182 magnamque
729 1104 902 1181 corporum
924 1086 1114 1182 gravitatio·

115 1207 191 1254 nem
211 1182 317 1253 Solem
330 1182 449 1262 versus,
475 1187 510 1252 &
532 1183 778 1280 gravitationem
811 1183 1029 1273 anicularum
1045 1186 1115 1254 Ae·

116 1282 207 1352 ris&
226 1303 383 1376 vaporum
397 1280 429 1351 in
443 1277 473 1350 se
485 1301 616 1364 mutuo,
641 1277 713 1351 lieri
723 1301 771 1449 pp
795 1298 824 1350 rt
835 1298 873 1351 ut
891 1303 942 1351 aer
960 1282 992 1352 in
1010 1278 1114 1378 spatiis

117 1375 300 1450 coelestibus
318 1377 415 1470 inque
430 1380 645 1450 cometarum
664 1402 723 1457 cau
750 1377 774 1448 's
786 1400 849 1448 non
862 1375 942 1449 adeo
958 1377 1111 1462 rarescat3

75 1562 80 1571 ι
116 1475 329 1573 perexiguam
351 1496 455 1547 tamen
507 1475 695 1548 uantitatem
719 1474 796 1547 aeris
827 1480 1047 1572 &vaporum
1072 1473 1115 1549 ad

115 1573 205 1644 omia
218 1573 269 1646 illa
285 1570 459 1645 caudarum
473 1499 681 1669 pianomcna
697 1569 823 1645 abunde
836 1569 983 1645 sufficere
995 1597 1036 1644 ex
1053 1568 1114 1645 hac

118 1670 359 1767 computatione
373 1669 575 1769 perspicuum
594 1668 654 1760 est.»
704 1674 850 1748 Nam&
870 1665 1044 1742 caudarum
1064 1671 1114 1742 in-

117 1766 215 1868 fignis
229 1770 336 1840 raritas
359 1768 523 1866 colligitur
542 1791 584 1839 ex
600 1765 685 1839 astris
700 1791 756 1865 per
768 1790 817 1838 eas
835 1766 1112 1840 translucentibus.

117 1864 343 1965 Atmosphaera
361 1862 512 1937 terrestris
525 1866 596 1938 luce
616 1867 697 1937 Solis
712 1861 883 1962 splendens,
908 1860 1114 1937 crassitudine

117 1965 172 2036 sua
189 1987 368 2062 paucorum
388 1964 585 2045 milliarium,
611 1960 741 2035 &astra
763 1963 869 2034 omnia
885 1967 919 2033 δι
935 1960 1032 2060 ipsam
1045 1967 1115 2036 Lu·
1180 2052 1185 2061 ρ

119 2086 191 2133 nam
210 2059 357 2134 obscurat
372 2068 407 2134 &
420 2062 584 2158 extinguit
597 2061 742 2161 penitusa
769 2081 825 2157 per
839 2058 1023 2131 immensam
1031 2084 1112 2132 vero

119 2157 292 2240 caudarum
312 2154 561 2240 crasfitudinem,
586 2159 660 2230 luce
676 2158 898 2257 pariterSolari
911 2155 1110 2239 illustratam,

113 2252 195 2336 astra
206 2258 335 2328 minima
343 2255 459 2351 absque
472 2257 620 2329 claritatis
631 2254 1027 2330 detrimentotranslucere
1038 2255 1112 2326 nos·

113 2375 245 2426 cuntur.
295 2357 415 2448 Neque
443 2353 543 2446 major
564 2353 625 2424 elle
650 2353 729 2426 solet
753 2350 926 2426 caudamm
958 2351 1112 2451 plurima·

114 2450 225 2522 rums
238 2447 361 2531 laudor,
394 2475 491 2544 quam
512 2453 590 2523 aeris
610 2448 708 2524 nostri
727 2452 759 2522 in
775 2449 941 2522 tenebroso
955 2450 1114 2522 cubiculo

113 2477 286 2621 latitudine
306 2545 404 2647 digiti
419 2551 511 2621 unius
531 2546 727 2635 duorumve,
751 2549 947 2622 lucemSolis
959 2549 991 2619 in
1001 2545 1112 2640 jubare

113 2646 321 2720 reflectentis.

166 2751 246 2838 an
259 2765 403 2843 tempore
422 2768 521 2843 vapor
539 2744 557 2825 i
578 2769 613 2816 ca
637 2747 681 2817 ite
696 2740 736 2816 ad
752 2745 925 2816 terminum
939 2741 1051 2815 caudae
1074 2768 1110 2815 a·

112 2840 251 2923 stendit,
277 2841 428 2938 cognosci
440 2840 508 2914 fere
520 2862 596 2941 pote
637 2839 790 2914 ducendo
810 2841 1110 2918 restamitermino

113 2937 228 3012 caudae
240 2937 280 3011 ad
293 2940 413 3020 Solem,
438 2946 473 3012 ὃ(
492 2937 633 3011 notando
655 2942 765 3012 locum
784 2939 843 3012 ubi
860 2939 944 3011 reela
955 2939 1008 3023 illa
1023 2942 1109 3011 Tra-

112 3037 284 3129 jeiloriam
299 3037 391 3109 secat.
419 3042 506 3111 Nam
522 3061 622 3136 vapor
641 3038 673 3108 in
691 3038 828 3108 termino
841 3033 966 3117 caudae,
987 3033 1114 3107 firesil

115 3133 261 3209 ascendat
280 3138 402 3214 asole,
427 3133 590 3208 ascendere
603 3135 707 3233 coepit
723 3136 741 3206 a
760 3137 948 3232 capitequo
966 3154 1111 3228 tempore

115 3255 214 3331 caput
234 3255 300 3306 erat
323 3233 359 3312 in
376 3236 451 3306 loco
473 3232 714 3306 intersectionis.
764 3236 813 3305 At
832 3256 932 3328 vapor
946 3253 1007 3302 non
1026 3231 1111 3301 reela

115 3328 255 3404 ascendit
274 3329 291 3404 i
307 3333 392 3411 Sole,
416 3330 470 3404 sed
484 3351 612 3402 motum
626 3332 787 3409 Cometae3
812 3355 911 3425 quem
925 3343 994 3399 ant'e
1009 3326 1112 3415 ascenf

119 3428 189 3501 sum
200 3430 293 3501 suum
320 3425 466 3509 habebat,
488 3425 670 3510 retinendo,
696 3434 730 3499 δι
757 3453 834 3499 cum
857 3447 952 3500 motu
971 3422 1108 3498 ascensus

116 3524 167 3598 sui
182 3525 318 3599 eundem
335 3523 569 3624 componendo,
594 3523 733 3599 ascendit
748 3526 892 3618 oblique.
943 3519 1045 3596 Unde
1055 3547 1112 3594 ve·

116 3625 260 3698 rior'erit
289 3624 495 3697 Problematis
514 3622 644 3703 solutio,
670 3644 708 3695 ut
729 3624 815 3694 resia
835 3623 886 3693 illa
904 3646 977 3715 quat
998 3620 1111 3691 orbem

118 3722 212 3803 secat,
239 3723 381 3820 parallela
399 3720 439 3794 sat
460 3719 657 3817 longitudini
682 3717 805 3797 cauda,
835 3721 888 3791 vel
914 3720 1021 3812 potius
1050 3717 1110 3801 (ob

113 3842 245 3895 annuam
261 3821 475 3894 curvilineum
488 3822 662 3925 pometa)
685 3839 722 3892 ut
740 3815 850 3892 eadem
870 3819 887 3891 a
905 3819 989 3891 linea
1003 3813 1113 3889 caudae

1059 3908 1111 3984 di-
