2484 4366
278 186 976 293 narsico-MATHEMATM.
1060 216 1101 288 ς,

112 348 186 406 tur,
212 323 394 403 ratiocinari
528 340 552 392 t.
603 321 713 420 Igitur
731 341 839 393 motus
856 346 965 395 omnes
983 324 1044 418 qui
1063 323 1106 398 de

114 425 200 499 locis
210 422 308 502 motis
323 419 408 497 fiunt
436 439 494 493 unt
517 439 618 516 partes
641 417 845 491 solummodo
859 443 1010 494 motuum
1023 423 1105 494 inte·

121 545 253 621 grorum
267 526 303 593 δι
317 518 535 592 absolutorum
540 543 551 600 ;
579 523 613 589 δε
632 538 740 589 motus
760 521 861 590 omnis
882 520 1003 618 integer
1016 544 1108 592 com-

177 619 249 695 itur
263 641 306 689 ex
322 639 417 689 motu
440 617 581 713 corporis
601 611 642 686 de
664 616 737 686 loco
754 612 811 687 suo
823 618 938 714 primo,
965 625 999 690 δι
1013 638 1109 691 motu

125 720 184 799 oei,
192 713 296 806 hujus
307 711 348 787 de
363 717 438 787 loco
453 713 522 794 suo,
548 719 582 784 δι
605 709 650 784 src
672 711 819 810 deinceps
841 713 1021 807 usquedum
1034 739 1123 813 pers

114 815 263 897 veniatur
278 809 320 887 ad
330 813 441 889 locum
455 812 628 883 immotum
635 836 647 892 3
674 831 711 882 ut
726 812 759 882 in
775 834 866 882 exem
891 814 925 884 lis
939 814 1026 911 supra
1038 837 1108 885 me-

114 912 248 987 moraris
260 928 360 1007 patet.
411 907 513 983 Unde
527 928 633 980 motus
648 909 810 1007 integri&
825 835 960 984 abstrluti
973 937 1035 983 non
1048 908 1107 983 nisi

115 1033 170 1178 ppt
187 1010 263 1081 loca
276 1008 412 1079 immota
426 1003 554 1082 definiri
568 1001 713 1102 possunt:
749 1009 796 1076 Et
817 1030 984 1105 propterea
1001 1028 1109 1081 motus

139 1106 212 1183 osce
228 1103 388 1182 absolutos
410 1101 449 1177 ad
472 1105 543 1174 loca
556 1104 702 1182 immota,
726 1103 871 1175 relativos
886 1106 968 1178 vero
983 1105 1022 1178 ad
1037 1107 1108 1183 loca

117 1199 534 1277 mobiliainfrareferemus.
550 1204 640 1273 Loca
647 1221 753 1271 autem
760 1200 893 1273 immota
900 1227 963 1274 non
971 1203 1040 1274 srmt
1048 1200 1106 1275 nisi

85 1301 86 1305 ’
120 1325 194 1395 quae
208 1323 316 1373 ornnes
330 1299 368 1370 ab
381 1295 508 1373 infinito
520 1298 553 1368 in
567 1295 728 1371 infinitum
747 1295 833 1370 datas
852 1298 974 1372 servam
996 1297 1109 1397 posrri-

118 1424 194 1477 ones
217 1395 259 1470 ad
277 1397 432 1477 invicem,
455 1415 551 1489 atque
570 1392 650 1469 adeo
672 1393 790 1492 semper
815 1418 940 1470 manent
964 1399 1109 1478 immota,

119 1493 322 1595 spatiumque
346 1490 544 1567 constituunt
558 1489 650 1586 quod
666 1495 829 1565 immobile
843 1496 1043 1590 appellamus.

164 1591 282 1665 Causa}
295 1591 417 1685 quibus
430 1611 536 1663 motus
550 1592 665 1662 veri&
679 1591 805 1663 relativi
823 1588 1109 1691 distinguunturab

117 1691 263 1765 invicem¹
274 1686 345 1778 sunt
358 1690 443 1760 vires
457 1689 491 1760 in
506 1710 640 1783 corpora
652 1683 805 1783 impressae
820 1686 860 1760 ad
871 1711 999 1762 motum
1013 1714 1112 1789 gene·

116 1786 263 1867 randum.
315 1787 434 1869 Motus
447 1808 540 1858 verus
553 1808 611 1855 nec
625 1805 793 1881 generatur
813 1808 870 1855 nec
892 1807 1035 1858 mutatur
1049 1785 1109 1860 nisr

115 1909 174 1983 per
187 1885 272 1957 vires
287 1883 319 1959 in
332 1883 435 1980 ipsum
449 1905 564 1981 corpus
576 1901 704 1953 motum
718 1877 887 1979 impressas.
920 1887 1009 1955 Cum
1024 1886 1109 1956 enirn

118 1983 273 2057 Materia
287 2002 357 2078 pars
375 1979 497 2075 quaevis
519 1977 559 2051 fit
579 1981 659 2051 iners
681 1985 715 2050 &
734 1978 820 2051 meri
835 1975 963 2075 passiva,
989 1978 1052 2052 srne
1074 1982 1124 2054 vi·

119 2076 245 2161 aliunde
265 2076 410 2174 impressi
431 2078 556 2149 moveri
570 2077 695 2169 nequit,
719 2101 777 2148 nec
794 2074 954 2150 deturbari
984 2102 1002 2149 e
1026 2075 1112 2150 statu

120 2175 181 2257 suo
191 2171 299 2272 potest
310 2171 374 2247 srne
390 2175 426 2248 vi
440 2176 546 2268 aliqua
560 2198 634 2268 quae
647 2170 763 2246 statum
775 2194 890 2246 mutet.
938 2179 986 2246 At
1000 2197 1110 2248 motus

118 2275 258 2367 relativi,
282 2272 390 2365 quales
411 2270 512 2345 solum
538 2268 679 2369 agnoscit
705 2268 879 2352 Cartefius,
934 2275 1113 2345 onerari&

119 2372 246 2455 multari
256 2365 384 2466 possunt
399 2366 516 2465 absque
533 2367 654 2440 viribus
674 2370 706 2440 in
723 2392 857 2466 corpora
870 2297 934 2466 ips
947 2367 1109 2467 impressis.

99 2480 102 2491 '
121 2464 256 2543 Sufficit
271 2467 355 2539 enim
377 2486 416 2539 ut
433 2465 655 2562 imprimantur
677 2466 710 2536 in
730 2467 789 2537 alia
807 2463 909 2536 solum
922 2490 1055 2563 corpora
1070 2464 1113 2539 ad

120 2591 198 2660 quar
212 2563 389 2645 sintelatio,
414 2584 452 2635 ut
470 2565 508 2636 iis
529 2560 712 2635 cedentibus
732 2583 876 2634 mutetur
891 2563 1001 2635 relatio
1015 2565 1115 2654 illain

123 2687 198 2756 qim
214 2657 334 2733 horum
358 2662 449 2754 quies
468 2661 521 2743 vel
546 2681 652 2731 motus
680 2661 829 2734 relativus
855 2658 1006 2732 confistit.
1058 2663 1112 2730 Sic

122 2755 257 2853 quidem
276 2755 320 2831 ad
330 2779 457 2831 motum
475 2757 614 2839 fixarum
631 2753 789 2830 stellarum
804 2758 971 2829 relativum
980 2753 1111 2835 sufficit,

121 2853 295 2939 secuudum
304 2851 497 2936 Cartelium‚
513 2875 627 2927 terram
643 2853 744 2925 solum
764 2856 1000 2934 circumrotari3
1029 2850 1113 2924 &ad

119 2977 213 3027 terra
226 2948 500 3046 quietemfirffieit
514 2949 606 3046 quod
622 2953 653 3023 in
668 2953 804 3025 Vortice
818 2952 916 3023 Solari
930 2948 1032 3022 delata
1051 2951 1113 3022 eas·

120 3049 487 3135 demmaterimsubtilis
501 3069 600 3142 partes
624 3049 794 3121 ambientes
814 3046 937 3130 habeat,
963 3050 1037 3121 licet
1051 3048 1114 3119 una

122 3149 269 3233 cumillis
275 3147 637 3242 quotannis-eclipticam
650 3144 829 3243 perlustret,
855 3153 889 3216 &
906 3149 990 3218 cirea
1007 3148 1114 3216 Solem

123 3245 274 3325 absulute-
282 3266 461 3327 moveatur·
514 3241 649 3322 Rursus,
675 3247 793 3316 Motus
807 3268 900 3315 verus
918 3272 934 3315 a
949 3243 1072 3316 viribus
1081 3241 1124 3312 in.

124 3368 242 3440 corpus
257 3364 386 3425 motum
397 3337 550 3440 impressu
571 3340 690 3435 semper
704 3362 868 3412 mutatur:
895 3364 925 3412 at
939 3360 1047 3411 motus
1062 3362 1113 3407 re·

121 3442 238 3522 lativus
253 3441 293 3513 ab
309 3437 361 3513 bis
377 3439 498 3516 viribus
513 3463 574 3511 non
588 3458 732 3509 mutatur
751 3435 928 3509 necessario.
981 3442 1069 3510 Nam
1088 3431 1114 3503 sr

125 3535 345 3611 eodem-vires
351 3538 454 3617 inalia
467 3536 561 3619 etiam
579 3559 721 3618 corpora,
748 3533 787 3606 ad
800 3561 873 3623 quae
887 3534 924 3606 fit
933 3534 1054 3611 relatio,
1069 3527 1123 3600 stc·

131 3637 360 3730 impr-imantm,
370 3655 407 3705 ut
416 3631 645 3714 fitusrelativus
652 3632 868 3712 conservetur,
880 3628 1115 3701 conservabitur

127 3734 357 3817 etiam-relatio‚=
378 3732 481 3823 inqua
491 3731 756 3811 motusrelativus
766 3726 821 3799 iste
835 3724 991 3798 consistit.
1023 3723 1115 3801 Utsr
1179 3770 1183 3776 -

123 3824 560 3928 syllemafcorporummodo
573 3851 769 3924 quocunque
791 3827 872 3931 inter
886 3823 915 3894 se
931 3846 1116 3989 moueatrpp
