2484 4366
134 234 204 314 3⁰⁰
300 309 304 316 Ι
395 213 843 287 PMLECTIONES

128 347 200 424 bite
222 367 299 438 quae
318 339 365 414 est
383 340 522 413 Libratis
537 346 629 415 Lunae
646 351 677 412 in
696 339 950 442 Longdudim.
1000 337 1123 412 Lanae

124 463 236 516 autem
253 470 286 512 m
305 439 524 521 Latitudinem,
549 464 613 535 qua
624 462 726 538 partes
740 463 826 511 nunc
838 439 1042 512 borealiotes
1052 463 1124 512 nunc

126 539 326 615 australiores
338 539 428 611 nobis
446 534 669 620 ostenduntur,
694 538 775 608 oriri
793 535 902 610 debet
919 562 965 610 ex
978 536 1123 611 inclinati-

124 663 187 711 one
200 638 267 710 axis
278 638 412 710 Lunaris
426 632 467 708 ad
479 635 609 733 planum
624 635 686 709 suae
705 635 845 716 orbim
874 637 933 709 uti
948 660 1022 709 rem
1034 655 1118 708 anen-

125 737 193 811 tius
215 733 426 808 confideranti
439 732 749 831 eritapettiffimum·
1118 819 1121 826 ¹

176 835 378 905 corollarium.
404 828 474 903 Hic
488 833 556 905 loci
570 854 714 906 annotare
733 829 837 927 placet
855 854 966 925 quam
987 833 1122 905 acenttel

123 933 207 1004 inter
220 929 250 1001 se
269 929 460 1002 consentiant
481 948 588 1002 motus
606 927 643 1002 hi
662 929 733 1005 duo
751 931 914 1009 Lunares,
940 931 1116 1024 neutiquan

48 1104 57 1117 „
123 1026 182 1101 ase
195 1027 335 1100 invicem
348 1024 558 1125 dependentes
563 1054 575 1108 ,·
597 1025 732 1100 ditunus
745 1047 861 1122 nempe
876 1033 915 1098 δι
926 1025 1119 1100 menstruus:

124 1129 172 1200 ita
192 1146 231 1196 ut
257 1127 334 1199 alter
354 1129 490 1198 alterum
507 1149 545 1197 ne
570 1125 741 1199 minimum
756 1120 899 1217 quidem
919 1146 1117 1203 antevertere,

123 1247 180 1322 per
201 1223 250 1296 bis
268 1225 355 1298 mille
376 1224 481 1295 saltem
501 1246 607 1304 annos,
636 1220 677 1295 stt
699 1217 925 1319 deprehensus.
984 1230 1062 1296 Nan
1076 1221 1116 1294 snt

125 1323 407 1413 certefine·numine
420 1314 552 1401 Deam,
578 1322 627 1394 uti
641 1323 712 1392 alias
724 1321 984 1407 annotavimus·

173 1423 311 1493 XCIII.
338 1423 427 1491 Axes
447 1418 527 1491 Solis
543 1423 578 1489 &
593 1418 789 1490 Planetarum
797 1437 894 1489 motu
906 1414 1040 1490 ditnno
1049 1444 1114 1517 gau·

120 1514 269 1590 dentium
289 1516 465 1592 Diametris
477 1538 551 1609 quae
568 1511 608 1586 ad
621 1513 748 1587 eosdem
768 1537 841 1585 axes
855 1517 1054 1588 normaliter
1063 1514 1112 1589 du·

122 1635 242 1685 cuntur
257 1614 394 1685 minores
408 1614 491 1683 lunt.
514 1611 588 1684 Sive
601 1615 717 1710 Figura
735 1612 813 1684 Solis
827 1618 863 1682 &
877 1612 1114 1686 Planetarumin

120 1713 153 1783 se
164 1733 258 1782 motu
277 1708 394 1782 diurno
408 1708 646 1782 revolventium
658 1736 692 1781 ea
706 1708 752 1781 est
771 1706 969 1805 sphaeroidis
988 1712 1095 1784 oblata
1101 1737 1111 1794 ς

120 1805 185 1880 lroc
197 1806 255 1891 est,
269 1805 361 1880 solidi
373 1807 574 1879 revolutione
584 1808 740 1904 Ellipsens
756 1809 840 1881 circa
852 1831 955 1880 axem
967 1811 1114 1883 minoren

160 1928 230 1978 nttr.

117 1931 159 2005 ge
168 2005 302 2081 Planetae
312 2010 346 2074 &
358 2027 490 2098 corpora
501 2004 627 2094 quaevis
640 2000 778 2075 coelestia
784 1999 911 2073 sublato
921 2007 1022 2084 ,omni
1030 2016 1112 2076 motu

120 2100 268 2174 circulari
283 2097 402 2171 diurno
417 2099 554 2196 liguram
574 2096 770 2197 sphaericam,
794 2101 1015 2193 obaequalem
1029 2100 1114 2174 undi-

119 2221 185 2292 que
202 2199 341 2294 partium
362 2199 566 2294 gravitatem,
591 2193 735 2268 affectare
754 2203 788 2266 ὃς
800 2193 940 2269 induere
956 2199 1106 2272 deberent.

92 2294 95 2304 '
118 2300 183 2365 Per
193 2315 321 2365 motum
337 2316 443 2365 autem
459 2294 647 2368 circularem
659 2293 810 2367 diurnum
826 2291 897 2384 fiet,
916 2318 961 2368 ut
976 2293 1103 2393 partesab

119 2415 177 2462 axe
192 2413 299 2462 motus
319 2388 487 2462 necessario
507 2390 697 2472 recedentes,
723 2398 757 2462 &
772 2393 926 2487 gravitati
950 2392 1108 2466 detrahen-

118 2509 164 2565 tes
182 2487 275 2581 juxta
288 2508 495 2582 aequantem,
520 2489 577 2562 ubi
596 2511 702 2560 motus
723 2488 769 2561 est
787 2489 992 2572 celerrimus,
1018 2493 1109 2564 ascen·

119 2583 195 2657 dere
214 2607 380 2660 conentur.
430 2585 577 2680 Ideoque
592 2611 631 2656 eo
653 2585 718 2659 loci
734 2588 864 2658 materia
885 2590 1041 2670 maneta,
1061 2584 1110 2659 nis

118 2682 296 2771 admodum
308 2682 348 2755 fit
359 2681 469 2763 solida,
493 2683 616 2756 ascensu
629 2681 685 2755 suo
705 2681 743 2755 ad
762 2704 963 2775 aquatorem
978 2684 1110 2776 ejusdem

51 2803 54 2808 ·
118 2780 288 2868 diametros
309 2780 499 2880 adaugebit;
525 2807 618 2857 axem
637 2806 717 2852 vero
741 2778 889 2852 descensu
906 2780 981 2862 suo,
1007 2784 1107 2881 gravi·

66 2892 67 2895 ’
117 2900 182 2951 tate
196 2884 334 2976 partium
349 2879 396 2951 ibi
408 2877 490 2951 nihil
505 2876 676 2958 diminuta,
703 2876 742 2951 ad
756 2879 844 2972 polos
858 2875 1036 2958 diminuet.
1062 2880 1106 2952 Sic

120 2978 210 3072 lovis
226 2979 393 3048 Diameter
409 2974 693 3060 (consentientibus
705 2975 983 3050 observationibus
993 2975 1105 3053 Calstni

114 3066 152 3146 ’δι
167 3072 366 3162 Flamstedii)
390 3073 520 3146 brevior
539 3071 790 3172 deprehenditur
803 3075 884 3145 inter
899 3075 997 3164 Polus
1015 3100 1104 3168 quam

116 3172 157 3248 ab
175 3173 297 3246 oriente
311 3171 342 3241 in
359 3169 573 3244 occidentem.
624 3168 753 3242 Eodem
775 3174 985 3268 Argumento
1010 3177 1104 3251 Tetra

117 3268 221 3351 nostra
247 3295 338 3343 axem
359 3267 450 3338 suum
472 3270 661 3362 AEquntoris
683 3267 845 3341 diametris
872 3270 1034 3346 minorem
1055 3266 1102 3339 ha-

115 3367 190 3439 bere
209 3366 333 3440 debuit.
386 3361 459 3438 Nili
478 3367 562 3439 enim
577 3369 620 3437 ita
637 3367 665 3437 se
678 3390 724 3436 res
738 3363 879 3445 habetet,
905 3373 941 3436 δι
957 3387 1042 3438 terra
1054 3392 1103 3437 no-

117 3464 178 3540 stra
195 3467 291 3562 paulo
310 3459 386 3534 ell'et
410 3464 503 3534 altior
517 3462 575 3535 sub
592 3484 748 3559 aequatore
763 3489 860 3555 quam
874 3460 915 3532 ad
927 3465 1033 3560 polos,
1045 3490 1103 3536 ma-

115 3566 175 3645 ria,
199 3565 243 3638 ob
255 3562 446 3661 gravitatem
460 3561 612 3654 majorem
631 3563 715 3647 circa
734 3563 823 3655 polos
836 3557 1051 3644 subsiderent,
1075 3568 1103 3632 δι

115 3658 209 3749 juxta
230 3680 424 3753 aquatorem
451 3657 645 3730 ascendendo
670 3660 776 3740 omnia
800 3657 1000 3730 inundarent.
1053 3658 1107 3739 Ob

116 3754 268 3842 majorem
294 3752 372 3828 vero
395 3779 502 3828 motus
521 3755 630 3827 diurni
643 3759 846 3837 velocitatem
866 3762 898 3826 δι
920 3754 1107 3829 densitatem

117 3849 298 3964 minorem
311 3844 441 3968 Jupiter
452 3850 667 3946 differentiam
678 3851 906 3948 diamenorum
922 3856 1036 3958 multo
1046 3881 1106 3948 ma,
