2484 4366
125 234 190 312 252·
384 220 831 291 ιἰωειεσποΝεε

122 347 253 428 summe
274 345 416 431 virium,
444 353 478 419 δι
498 343 613 445 pressro
633 343 780 442 quadrati
804 352 896 428 Dl’,
924 343 968 423 ad
987 344 1096 446 presto

119 442 193 527 nem
212 442 361 540 quadrati
384 450 463 525 DB,
488 463 526 516 ut
549 444 631 544 abq,
656 441 696 516 ad
720 450 839 543 Aqu
879 446 928 516 Et
949 469 994 519 ex
1009 469 1097 539 aquo,

116 541 232 647 pressio
250 540 397 639 quadrati
421 546 510 622 ΒΡ,
535 539 576 614 ad
594 539 781 639 pressionem
797 537 961 634 quadrati
984 539 1051 622 ds,
1072 561 1100 613 ut

118 641 167 714 ab
186 640 262 713 cub.
280 635 321 713 ad
344 642 411 709 AB
434 636 511 709 cub.
537 641 676 712 Ratione
686 642 770 710 enim
786 633 954 736 simplici,
978 662 1101 712 ctrmra·

116 740 206 813 tione
223 736 382 836 duplicata
393 732 568 833 composrta
579 737 715 834 emergit
730 735 812 809 ratio
826 737 1009 834 triplicata
1023 736 1058 807 ita
1067 756 1100 809 ut

114 830 412 932 viscompresfionis
427 835 549 913 inuno,
575 830 614 906 sit
627 831 668 906 ad
681 833 751 904 vim
768 829 1098 931 compreffionitinal·

116 953 201 1013 tero,
226 953 264 1005 ut
278 927 412 1004 denfiras
426 926 521 1009 sluidi
534 927 574 1002 ad
583 928 781 1009 densitatem,
804 926 957 1007 diredte.
1021 934 1098 1003 M).

90 1068 97 1085 ·
166 1031 270 1102 corat.
291 1033 360 1119 (1.)
388 1031 478 1100 Cum
496 1029 605 1121 itaque
618 1052 674 1126 per
686 1026 911 1124 experimenta
928 1052 950 1099 c
1064 1050 1098 1103 at·

117 1129 160 1201 ris
181 1122 279 1199 nostri
303 1149 359 1223 per
382 1126 468 1196 vices
492 1149 565 1195 com
587 1121 657 1197 relsr
681 1130 715 1195 δε
738 1122 895 1196 rarefadti
929 1120 1098 1198 densitatem

116 1220 179 1303 esse
199 1223 324 1299 viribus
340 1148 637 1325 comprimentisus,
662 1217 727 1293 sive
743 1218 984 1320 compreffioni
1000 1223 1099 1316 ubique

115 1320 408 1425 proportionalem
436 1316 612 1391 admodum
633 1314 833 1390 verosimile
854 1316 1003 1392 videtur
1018 1342 1099 1392 artem

115 1444 158 1493 ex
181 1417 341 1531 particulis
361 1415 391 1486 se
413 1417 578 1488 mutuoin
601 1413 719 1488 inversa
741 1411 978 1490 distantiarum
1000 1417 1099 1491 amre

116 1513 316 1614 fugientibus
341 1512 394 1583 vel
417 1510 600 1611 fugantibus
624 1509 775 1583 constare.
831 1510 913 1585 Etsi
940 1508 1096 1587 enimlaac

117 1614 168 1685 vis
185 1605 275 1705 quali
290 1608 467 1708 centrifuga
487 1611 522 1682 vi
540 1608 706 1683 uniuersali
725 1609 934 1708 ceutripetae,
963 1606 1027 1684 five
1038 1635 1098 1709 gn·

116 1710 224 1789 vitati,
248 1706 267 1778 ὲ
291 1705 448 1780 diametro
471 1704 597 1779 adversa
622 1731 698 1778 cum
721 1703 833 1779 eadem
853 1705 1099 1787 confiteretur

116 1789 203 1926 polle
218 1801 383 1887 videatur3
411 1824 545 1876 attamen
558 1801 627 1876 fieri
639 1798 743 1900 potest
752 1823 789 1875 ut
798 1824 923 1900 praeter
935 1806 1100 1904 generalem

116 1905 203 1977 allam
217 1901 378 2000 gravitatis
397 1901 500 2000 legem
517 1901 680 1972 materiam
702 1923 830 1971 omnem
849 1925 923 1994 qua
948 1904 1101 1981 materiam

115 2002 312 2079 attinentem,
338 1996 401 2069 fine
426 1999 494 2069 ullo
511 1996 551 2069 ad
572 1994 752 2087 ejusdemfi
777 2021 859 2076 urar,
888 1996 1028 2080 formas,
1052 2001 1101 2071 cira

118 2093 330 2173 cumstantias,
355 2115 410 2165 aut
430 2115 537 2165 motus
556 2088 611 2165 res
643 2094 718 2175 elu3
745 2021 813 2182 dja
828 2091 893 2165 srnt
911 2096 943 2167 le
1014 2096 1101 2168 &vi-

116 2217 166 2264 res
187 2192 338 2265 naturales
362 2188 428 2261 five
452 2187 592 2262 attrahen
617 2192 629 2263 i
655 2187 721 2261 live
741 2187 880 2286 fugandi
910 2217 929 2264 a
972 2194 995 2263 s
1025 2192 1102 2271 ‘cialu

115 2290 343 2389 particularum
363 2289 502 2359 materiae
527 2285 645 2383 figuras
652 2333 664 2368 ‚
689 2285 819 2367 formas,
843 2218 1099 2368 circumlitam

118 2407 174 2458 aut
192 2406 300 2457 motus
326 2385 525 2480 pertinentes,
551 2391 585 2455 &
606 2383 760 2482 peculiari
781 2380 885 2455 modo
911 2385 1031 2460 iisdem
1047 2387 1101 2459 alli·

62 2520 66 2524 “
114 2504 210 2583 gatae,
236 2483 255 2554 ὲ
271 2482 389 2576 quibus
402 2479 487 2552 haud
502 2505 601 2576 pauca
615 2478 882 2555 &difficilioribus
894 2482 1102 2581 naturaeplra-

116 2581 257 2652 nomenis
269 2577 443 2677 dependere
465 2577 604 2674 possunt.
654 2579 706 2650 Sic
726 2570 800 2648 sartaex
814 2576 1008 2654 verosimile
1026 2578 1099 2663 vide

118 2699 175 2749 tur
189 2678 265 2749 aeris
276 2677 442 2776 particulas
454 2701 529 2746 cunr
541 2677 697 2772 peculiare
713 2672 796 2747 illud
809 2693 1096 2775 temperamentum

118 2774 268 2873 figuram,
293 2793 349 2845 aut
366 2771 502 2844 fonnem
525 2770 763 2866 acquisiverint,
787 2771 873 2844 unde
892 2776 958 2845 tale
974 2772 1095 2847 fluidum

116 2869 281 2949 elasticum
298 2893 487 2965 componere
500 2890 580 2965 apta
600 2870 682 2949 sunt,
707 2869 800 2960 quale
811 2893 869 2940 nos
889 2875 1019 2946 Aerem
1031 2870 1095 2957 diei·

115 2970 199 3048 mus,
222 2991 316 3038 novae
331 2965 408 3038 huic
425 2964 592 3061 &speciali
608 2969 670 3063 legi
686 2962 751 3037 live
769 2968 804 3037 vi
816 2967 1030 3067 centrifugae,
1051 2966 1096 3039 hu

116 3061 257 3156 jufinodi
269 3065 437 3160 particulas
452 3060 563 3154 easque
581 3065 657 3135 solas
675 3063 818 3142 attinenti
832 3062 1028 3147 immediate
1041 3064 1094 3137 sub·

117 3159 188 3260 jici.
216 3164 293 3262 Jure
313 3162 399 3231 enim
421 3157 594 3256 suspicatur
613 3163 723 3231 Autor
750 3157 855 3230 noster
886 3158 1097 3258 perspicaciss-

118 3283 190 3341 mus
212 3258 360 3354 pleraque
379 3255 520 3351 specialia
546 3276 665 3328 naturae
688 3253 898 3328 Phaenomena
917 3283 963 3342 ex
989 3259 1096 3333 viriluo

118 3352 308 3445 hujumodi
325 3350 460 3451 pendere
477 3350 575 3450 posse,
601 3353 719 3447 quibus
739 3364 911 3451 corporum
929 3358 1097 3452 particula,

120 3476 177 3549 per
190 3454 293 3524 caulas
309 3448 454 3522 nondum
466 3451 620 3547 cognitas,
647 3452 699 3522 vel
712 3452 743 3520 in
760 3448 789 3521 se
804 3471 924 3527 mutuo
940 3455 1098 3551 impellar*

117 3571 184 3629 tur,
210 3555 244 3619 &
270 3546 445 3620 secundum
470 3546 584 3645 figuras
612 3549 767 3646 regulares
791 3544 974 3631 cohaerent,
1007 3548 1098 3638 uelab

115 3644 255 3717 invicem
268 3643 432 3744 fugantur,
458 3651 492 3714 δι
511 3642 666 3715 recedunt
673 3670 684 3727 ;
712 3643 831 3736 quibus
845 3644 975 3730 viribus
997 3647 1102 3744 ignotis¹

117 3737 303 3834 Philosophi
317 3738 466 3813 haetenus
479 3747 638 3815 Naturam
648 3737 764 3812 frustra
776 3761 939 3812 tentarunt
955 3767 966 3817 a
997 3747 1105 3839 &qui-

118 3834 180 3923 bus
198 3837 331 3933 proinde
348 3836 505 3939 gradatim
521 3837 594 3944 jam.
607 3837 742 3929 deteelis
765 3837 818 3927 vel
839 3834 1036 3955 detegendis
1054 3842 1113 4017 sptp
