2484 4366
118 169 184 247 180
391 172 853 244 PRtAELECTIONES

118 294 153 364 in
165 287 403 384 consequentias¹
456 296 495 362 In
511 289 656 388 syzygiis
674 315 786 390 nempe
801 318 879 367 cum
893 292 970 364 sole
984 308 1112 389 progre-

122 386 250 471 dietur3
277 386 576 482 &inquadraturis
592 388 803 486 regredietur.
1088 412 1120 447 ’-

172 493 260 560 Nam
278 487 326 556 vis
343 511 408 579 qua
429 483 627 558 secundarius
647 489 769 558 Planeta
786 496 829 570 P,
855 488 909 560 vel
929 510 953 584 p
979 503 1114 583 urgetur

125 586 158 656 in
183 584 367 680 primarium
392 583 483 655 suum
504 585 588 655 circa
611 583 841 676 quadraturas3
873 585 936 656 ubi
956 586 1008 656 vis
1022 585 1114 656 altera

125 687 218 760 MS‚·
240 682 292 752 vel
316 686 383 748 mS
404 683 546 761 evanuit,
571 683 776 777 componitur
802 708 844 754 ex
869 685 905 754 vi
932 687 1043 762 LM,
1062 680 1110 751 vel

125 781 175 848 lm
199 783 233 848 &
251 780 290 850 vi
301 781 474 874 centripeta
486 780 627 875 corporis
640 781 783 851 centralis
807 787 845 848 S.
893 774 1107 875 Visprionfi

123 896 276 972 augeatur
297 872 442 946 distantia
463 898 519 948 aut
543 875 751 957 diminuatur,
782 896 920 974 augetur
943 897 1003 947 aut
1021 874 1111 948 dimi-
1143 920 1144 925 κ

126 975 236 1044 nuitur
248 974 281 1043 in
292 970 402 1044 eadem
419 970 485 1044 fere
504 976 623 1046 ratione
635 971 776 1046 diresle:
801 977 846 1044 ita
861 995 900 1044 ut
914 975 949 1044 in
968 973 1109 1066 majorii

123 1071 273 1166 primario
283 1067 429 1142 distantia
440 1071 553 1144 evadat
569 1069 670 1161 major
678 1070 939 1144 attraeliovetsus
947 1092 1105 1154 centrum

127 1173 161 1238 &
175 1169 207 1240 in
222 1169 344 1240 minore
357 1169 473 1240 minor.
499 1171 559 1242 Vis
570 1189 678 1239 autem
689 1166 843 1266 posterior
855 1168 874 1238 a
884 1169 1046 1242 Primario
1056 1172 1109 1242 im·

124 1263 881 1356 mediateortainmajoridistantiaevaditminor,
908 1267 983 1337 &in
994 1269 1110 1339 minore

123 1361 225 1454 major
235 1363 247 1447 ’ς
273 1362 384 1455 estque
398 1363 519 1459 semper
539 1367 571 1434 in
593 1360 754 1460 duplicata
763 1360 920 1434 distantiae
933 1365 1108 1437 rationere·

125 1461 266 1556 ciproce.
317 1456 602 1553 Adeoquevisinte
642 1486 671 1542 a,
697 1458 762 1533 five
770 1459 896 1554 summa
910 1462 1108 1534 vitiumver·

124 1552 174 1626 sus
188 1558 331 1653 primarii
344 1579 489 1629 centrum
499 1582 542 1629 ex
556 1485 701 1633 dusintia
713 1559 804 1630 aneia
815 1554 974 1631 decrescit
996 1560 1029 1632 in
1051 1560 1107 1631 mi·

123 1675 201 1724 nore
221 1655 342 1726 ratione
362 1681 460 1748 quam
479 1652 525 1726 est
545 1654 705 1752 duplicata
724 1656 808 1726 ratio
833 1651 1026 1728 distantiae:
1050 1653 1105 1728 hoc

124 1748 184 1832 est,
207 1773 406 1825 nontantum
419 1750 945 1844 diminuiturindillantiamajore,
971 1777 1032 1828 nec
1046 1776 1106 1826 tan·

124 1868 197 1920 tum
208 1852 389 1947 augeturin
405 1849 550 1923 distantia
564 1851 704 1931 minore,
729 1870 886 1942 quantum
900 1871 1016 1924 motus
1031 1848 1107 1924 cirta

123 1943 238 2019 socum
252 1949 409 2046 Ellipsees
430 1948 604 2019 immobilis
625 1948 773 2041 requirit.
821 1952 859 2018 In
883 1948 1105 2040 conjuratione

122 2066 202 2115 vero
225 2051 258 2114 ὃν
275 2044 487 2142 oppofitione,
510 2048 559 2116 vis
578 2069 643 2137 qua
661 2046 778 2116 satelles
796 2045 828 2115 in
847 2047 1041 2141 primarium
1056 2070 1107 2117 nr·

122 2161 219 2234 getur
232 2138 279 2211 est
292 2143 457 2235 dfferentia
473 2142 554 2212 inter
562 2145 630 2213 vim
639 2167 702 2235 qua
714 2142 880 2238 primarius
892 2139 996 2224 trahit
1003 2143 1105 2233 secun-

121 2235 260 2316 darium,
285 2241 320 2308 &
344 2240 412 2310 vim
436 2242 472 2305 K
477 2242 520 2317 L,
545 2240 598 2309 vel
622 2237 665 2326 dl
677 2269 688 2310 t
714 2239 780 2310 five
800 2235 907 2310 inhoc
923 2240 1001 2312 casu
1022 2244 1109 2319 SM,

121 2334 175 2403 vel
198 2339 278 2404 Sm.
328 2339 374 2407 Et
387 2330 568 2407 differentia
581 2334 645 2415 illa,
670 2357 833 2434 propterea
844 2335 939 2429 quod
954 2339 1005 2410 vis
1022 2341 1108 2417 SM,

122 2431 176 2501 vel
196 2434 223 2498 S
228 2458 262 2501 m
285 2454 421 2530 augetur
443 2456 540 2523 quam
564 2436 710 2529 proxime
727 2436 759 2506 in
774 2432 838 2529 ipsa
855 2431 1017 2507 distantiat
1035 2435 1106 2506 rati·

120 2550 181 2597 one
196 2525 331 2609 diresin
355 2526 510 2601 decrescit
522 2532 553 2600 in
569 2530 687 2621 majore
701 2556 799 2623 quam
811 2528 976 2626 duplicata
990 2535 1105 2604 ratione

121 2621 276 2698 distantiae
290 2653 301 2710 3
328 2649 424 2720 atque
437 2623 517 2697 adeo
531 2626 633 2719 major
647 2627 694 2700 est
705 2629 736 2698 in
748 2629 872 2700 minore
882 2626 1035 2702 distantia
1051 2658 1056 2673 ²
1076 2634 1105 2699 δι

124 2724 230 2794 minor
245 2727 277 2796 in
294 2724 426 2816 majore,
439 2749 544 2816 ‘quam
563 2750 638 2818 quae
667 2722 780 2822 Ellipsr
801 2725 965 2798 immobili
990 2676 1104 2818 descri-

123 2819 235 2892 bendae
254 2817 401 2895 sufficiat.
452 2824 486 2892 Si
505 2844 611 2893 autem
634 2824 682 2894 vis
705 2824 876 2918 centripeta
895 2820 1046 2895 decresca
1075 2826 1107 2895 in

122 2918 242 2987 ratione
255 2919 420 3014 plusquam
428 2917 588 3015 duplicata
601 2917 771 3000 distantia,
796 2940 833 2991 ut
849 2917 888 2990 fit
905 2922 994 2993 cirea
1011 2920 1049 3019 sy
1069 2946 1101 3019 y·

122 3014 200 3110 gius,
225 3013 394 3087 accedetur
413 3017 645 3108 aliquantulum
668 3015 708 3090 ad
728 3016 834 3088 casum
855 3016 903 3087 vis
923 3021 1026 3089 centr'

121 3108 328 3182 decrescentis
347 3114 379 3183 in
399 3114 556 3210 triplicata
569 3116 689 3186 ratione
702 3113 870 3195 distantia,
896 3113 983 3187 unde
1000 3137 1072 3213 ῐιίοςΔ
1090 3138 1100 3185 t

121 3211 155 3279 in
168 3209 281 3306 spirali,
308 3206 370 3280 fine
385 3211 446 3280 ulla
456 3214 609 3308 tangentis
617 3209 656 3282 ad
665 3208 791 3284 radium
803 3213 979 3283 mutatione
996 3213 1101 3308 seque·

120 3328 221 3378 retur.
271 3308 435 3381 Revolvet
450 3310 556 3401 itaque
568 3308 684 3381 satelles
699 3311 732 3381 in
751 3306 864 3406 Ellipsi
882 3307 1026 3403 quadam
1038 3335 1099 3383 mo·

120 3404 191 3484 bili,
218 3400 284 3475 five
302 3424 409 3477 motus
431 3408 586 3504 angularis
607 3405 708 3498 major
728 3409 908 3501 requiretur
924 3429 963 3479 ut
975 3428 1100 3507 tangen-

119 3518 166 3573 tes
179 3501 321 3595 obliquae
339 3501 379 3574 ad
397 3501 522 3575 radium
542 3500 675 3574 evadant
686 3502 792 3576 eidem
807 3501 1100 3601 perpendicularem

120 3596 184 3670 hoc
209 3596 267 3680 est,
300 3620 339 3670 ut
358 3600 473 3671 satelles
500 3598 540 3671 ad
559 3597 679 3696 apsides
703 3600 769 3674 suas
797 3603 981 3698 perveniat,
1009 3626 1103 3699 quarn

116 3693 367 3786 requireretursr
383 3697 465 3769 vires
483 3694 581 3768 essent
600 3700 633 3769 in
652 3697 715 3794 ipsa
735 3701 855 3770 ratione
868 3696 1032 3773 distantiae
1045 3700 1102 3774 du·

114 3791 440 3892 plicatoreciprotea⁴
467 3797 545 3867 Hoc
568 3793 628 3877 est,
652 3792 798 3896 apsidum
816 3796 896 3870 linea
919 3794 1103 3896 progrediev

132 3956 135 3961 .
543 3913 554 3971 ,“
1046 3914 1103 3971 tu·
