2484 4366
124 206 206 293 aar
393 176 838 267 rtoelrcrmnrer
949 192 952 197 ·
1100 159 1105 168 ’

122 362 301 517 omres
318 423 391 543 effe
411 428 531 514 Luni
563 430 796 542 superiores,
825 429 883 523 ὸ·
915 393 1120 549 inregsni

403 542 664 625 Plaenetarum
688 540 859 649 versari.

224 722 262 791 T
284 712 430 788 desedius
458 716 649 787 Parallaxeos
669 714 798 787 diuma
819 720 959 792 exttrlit
987 724 1109 791 eomas

242 815 331 911 supra
352 815 494 910 regiones
512 810 702 893 sublunares,
728 810 774 883 fic
790 836 835 883 ex
860 820 1108 890 Parallaxima

123 914 326 989 convincitur
347 932 462 983 eorum
485 906 647 982 descensus
669 913 702 982 in
727 933 763 980 re
792 911 800 924 ’
848 936 888 984 es
922 917 1113 987 Planenrm

124 1017 214 1086 Nam
237 1012 386 1080 Cometa
411 1008 471 1101 qui
490 1004 740 1104 progrediuntur
778 1008 964 1084 ecundum
988 1009 1114 1083 ordinem

24 1194 29 1199 .
124 1105 289 1207 signorum
305 1105 375 1178 sunt
389 1128 509 1184 omnes,
533 1104 590 1175 sub
604 1105 696 1175 exitu
707 1107 944 1201 apparitionis,
971 1127 1028 1181 aut
1038 1105 1115 1179 solito

123 1201 276 1279 tardiores
296 1224 350 1274 aut
364 1197 554 1298 retrogradi,
580 1198 605 1270 st
620 1205 725 1272 Terra
743 1198 795 1271 est
810 1203 905 1275 iuter
925 1205 1012 1302 ipsos
1025 1211 1058 1276 δι
1067 1207 1114 1274 8⁰³

121 1303 206 1385 lem
231 1322 263 1374 at
284 1297 369 1391 jusso
390 1299 555 1370 celeriores
574 1294 599 1367 st
619 1302 722 1369 Terra
745 1300 864 1396 vergit
883 1299 933 1373 ad
952 1298 1112 1401 oppositio

122 1422 207 1474 nem.
255 1398 465 1476 Etecontra,
490 1395 550 1488 qui
567 1417 701 1493 pergunt
714 1415 828 1466 contra
841 1397 1007 1471 ordinem
1024 1397 1113 1495 siguo

120 1521 193 1571 rum
210 1494 280 1564 sunt
292 1491 379 1584 justo
389 1492 554 1563 celeriores
577 1491 609 1562 in
633 1490 696 1563 fine
720 1494 953 1587 apparitionis,
983 1495 1108 1569 fi'sen

122 1591 261 1665 teratur
275 1592 356 1662 inter
374 1587 455 1688 ipsos
465 1594 500 1659 δε
513 1588 619 1660 Solem
626 1612 638 1671 ς
665 1594 700 1659 &
714 1585 804 1678 justo
822 1591 996 1664 tardiores
1017 1593 1108 1664 velte

122 1685 266 1786 rrogtadi
291 1684 315 1760 fi
338 1691 440 1759 Terra
459 1683 516 1756 fita
533 1681 580 1755 est
604 1682 644 1756 ad
664 1687 837 1757 contrarias
860 1710 989 1784 partes.
1039 1693 1113 1759 Con-

80 1787 83 1794 ’
120 1787 219 1885 tingit
235 1782 298 1857 hoc
317 1786 455 1856 maxime
467 1806 509 1854 ex
522 1800 616 1853 motu
635 1786 747 1855 Terra
768 1783 801 1854 in
818 1786 921 1856 vario
939 1783 1042 1883 ipsius
1054 1783 1113 1862 fin,

120 1879 251 1985 perinde
277 1901 316 1953 ut
337 1880 377 1953 fit
400 1883 432 1952 in
456 1881 602 1959 Planetis,
632 1881 703 1972 qui,
728 1901 789 1975 pro
810 1901 917 1953 motu
940 1888 1058 1956 Terra
1073 1880 1112 1951 vel

122 1977 329 2076 conspirante,
351 1975 403 2049 vel
416 1977 587 2056 contrario,
611 1998 694 2047 nunc
718 1977 907 2072 retrogradi
928 1977 1020 2060 sunt,
1044 2001 1111 2050 nunc

124 2074 244 2152 tardius
255 2073 549 2153 moverividentur,
573 2096 657 2144 nunc
670 2097 749 2145 vero
764 2075 917 2148 celerius.
976 2080 1012 2149 Si
1024 2080 1110 2148 Terra

122 2169 563 2344 &allisistis
582 2173 1102 2363 llll03‘lztf‘tms'ssllst

122 2368 236 2445 dano,
260 2365 304 2434 ob
320 2386 447 2437 motum
467 2365 559 2436 suum
586 2361 769 2443 tardiorem,
793 2387 928 2460 apparet
944 2367 1013 2440 esse
1025 2387 1107 2437 retro·

121 2461 254 2561 gradum
283 2459 328 2532 fin
345 2467 448 2535 Terra
466 2459 582 2534 tarditu
594 2459 707 2540 fertur,
719 2480 826 2531 motus
847 2466 1026 2544 Cometa,
1049 2458 1107 2545 (de-

122 2560 227 2636 erasto
242 2579 335 2629 motu
353 2564 482 2647 Terrae)
507 2556 547 2628 sit
568 2555 674 2628 saltem
696 2556 826 2628 tardior.
878 2562 943 2631 Ac
970 2560 997 2633 sn
1022 2565 1109 2632 Tenl

122 2658 229 2757 pergit
246 2657 278 2727 in
290 2656 458 2727 contrarias
470 2674 584 2752 partes,
608 2657 746 2725 Cometa
764 2650 881 2725 exinde
896 2658 1053 2730 velocior
1068 2679 1111 2751 ap

122 2773 222 2850 paret.
280 2757 335 2824 Ex
358 2752 580 2824 acceleratione
612 2771 719 2823 autem
745 2752 797 2822 vel
823 2752 1048 2827 retardatione
1069 2751 1112 2823 vel

117 2852 214 2925 ¹motu
244 2847 433 2949 retrogrado
455 2847 599 2921 distantia
625 2852 773 2918 Cometa
802 2845 957 2920 inhunc
983 2849 1112 2923 modun
1152 2888 1156 2997 ⁴

119 2948 296 3043 colligitur.
346 2952 446 3019 Sunto
471 2963 502 3023 ‘r
514 2948 604 3041 Μ
639 2962 672 3022 's
685 2950 763 3040 ΩΒ,
798 2960 829 3021 “s
843 2948 922 3046 Q*
944 2947 1113 3020 observata

121 3061 184 3115 tres
204 3041 419 3139 longitudines
442 3044 608 3120 Cometa,
642 3039 699 3112 sub
724 3041 816 3112 initio
846 3063 982 3124 motus,
1014 3043 1113 3137 fitque
1154 3058 1156 3065 ·

117 3156 164 3218 ‚te
177 3145 249 3239 QF
269 3137 440 3236 longitudo
460 3139 577 3210 ultimo
600 3136 773 3218 observata,
806 3135 865 3207 ubi
887 3143 1042 3213 Cometa
1067 3141 1113 3211 vi·
1154 3156 1157 3175 ¹

119 3232 190 3310 deri
211 3233 338 3308 definit.
389 3240 517 3330 Agatur
539 3234 625 3305 reeta
647 3239 759 3314 Aac,
785 3231 876 3321 cujus
902 3258 1013 3330 partes
1038 3242 1111 3315 Aa,

118 3337 182 3403 BC
201 3334 294 3405 restis
321 3337 401 3406 ΟΛ
421 3340 455 3403 &
480 3338 558 3428 Qu,
583 3336 657 3429 Qu
680 3336 715 3401 δε
739 3336 815 3430 QG
835 3331 1031 3423 interjedlae,
1058 3331 1113 3404 fini

119 3427 161 3503 ad
178 3407 375 3502 invicem‘tff
385 3451 527 3524 tempora
546 3431 628 3499 inter
646 3426 876 3505 observationes
897 3449 966 3505 tres
990 3432 1112 3527 primas.

120 3526 322 3601 Producatur
345 3532 423 3596 Ac
443 3523 482 3596 ad
508 3531 548 3604 G,
574 3544 612 3594 ut
637 3520 677 3595 stt
700 3530 773 3594 AG
796 3520 835 3594 ad
860 3529 939 3595 AB
963 3548 1004 3599 ut
1037 3549 1111 3599 tem

118 3641 179 3728 pus
190 3626 271 3699 inter
283 3621 533 3700 observationem
548 3621 683 3715 primam
695 3627 729 3690 dt
743 3621 902 3701 ultimam,
930 3623 974 3695 ad
987 3645 1109 3722 tempus

119 3718 201 3791 mter
224 3719 475 3791 observationem
494 3718 625 3814 primam
640 3723 675 3788 δι
692 3713 880 3799 secundam
906 3725 949 3790 dc
960 3719 1114 3821 jungatur

110 3816 202 3917 26.
253 3813 347 3889 Etsi
374 3821 512 3893 Cometa
538 3833 724 3918 moreretur
744 3811 953 3916 uniformiter
979 3820 1017 3898 in
1038 3819 1114 3897 linea·

948 3967 955 3983 ,
1017 3923 1111 4017 atqui
