2452 4366
144 234 358 443 patum
1124 177 1146 247 ,ι

138 462 578 651 continuata
632 456 1064 605 Mathematica.

137 604 255 694 5950?

443 754 801 831 PRAELECTIO
832 762 863 831 Ι.

318 1097 362 1193 ris
380 1090 479 1165 nostri
492 1098 614 1189 partem
634 1094 774 1173 alteram,
799 1092 1011 1191 Philosophiam
1029 1116 1143 1193 nempe

318 1194 375 1263 el.
390 1192 550 1265 Newtoni
560 1189 820 1261 Mathematicam
837 1188 1068 1264 accedendum.
1102 1198 1142 1267 In

91 1344 95 1362 .
128 1288 253 1357 animo
272 1293 360 1383 enim
380 1286 429 1397 5st
443 1276 626 1397 Viriuillius
638 1289 734 1399 longe
751 1290 896 1399 Maximi
915 1286 1050 1401 uestigia
1068 1309 1142 1400 pre·

101 1382 135 1502 ἶ·
142 1388 485 1579 retinerent
495 1382 1143 1581 strenuissumus

96 1502 120 1644 l
143 1568 349 1750 Philosrpphia
370 1578 532 1655 Newtoni
554 1582 643 1679 plane
662 1579 772 1653 divina
782 1535 947 1749 pluiibus,
980 1586 1014 1652 &
1039 1581 1140 1653 velin

144 994 323 1250 AB
334 1013 452 1068 sonu
462 1010 532 1067 'rte
550 987 630 1066 olim
641 1011 720 1093 pure
735 992 982 1077 Allronomicis,
994 993 1034 1067 ad
1048 1003 1142 1097 opes

118 1675 277 1765 jmathe1
298 1678 510 1755 mediocriter
529 1678 657 1751 versatis
673 1681 780 1751 innote
794 1702 844 1751 cat
854 1708 865 1764 3
893 1704 951 1751 nec
973 1680 1054 1749 intra
1072 1680 1140 1774 prl-

95 1802 133 1861 ·,--,
144 1798 234 1849 vatos
245 1776 448 1851 sutmnorum
456 1780 709 1851 Geometrarum
723 1778 854 1872 parietes
866 1779 1001 1873 amplius
1013 1773 1139 1872 delites·

96 1860 133 1974 “l
142 1897 206 1948 cat.
243 1877 448 1965 Priusautem
460 1900 556 1969 quam
565 1875 735 1969 quisquam
746 1874 873 1973 egregia
884 1870 954 1943 haec
968 1879 1002 1941 &
1014 1872 1140 1967 prorsus

118 1970 326 2045 t'admiranda
350 1968 563 2070 ¹Philosophia
588 1972 750 2045 Naturalis
761 1969 956 2043 theoremata
971 1966 1137 2066 aggredit<

98 2088 136 2161 ,Ὗ
143 2084 215 2148 tur,
235 2092 350 2168 prater
368 2072 536 2165 aliqualem
547 2071 760 2149 Geometriae,
787 2066 1013 2140 Arithmcticae
1032 2072 1066 2138 &
1088 2070 1138 2139 A·

114 2162 323 2243 ·.··'ltr0n0miae
344 2170 505 2249 notitiam,
531 2164 737 2239 necessarium
767 2164 814 2237 est
837 2168 969 2238 omnino
998 2186 1036 2235 ut
1061 2190 1139 2239 cum

94 2311 117 2349 a„
139 2284 228 2337 veras
242 2274 396 2336 Mantum
414 2268 496 2367 leges,
519 2285 593 2337 tum
616 2265 772 2363 imprimis
791 2289 965 2336 curvarum
985 2264 1137 2337 linearum

113 2355 217 2459 “quas
234 2366 379 2434 Sauum
395 2368 514 2434 anuas
530 2364 733 2461 appellamus,
764 2384 889 2434 naturas
917 2369 950 2433 &
974 2362 1136 2457 primarias

121 2460 124 2466 ’
136 2460 345 2559 proprietates
367 2484 430 2532 non
458 2461 595 2559 ignoret.
645 2459 762 2532 Visum
789 2457 836 2531 est
861 2485 949 2556 ergo·
965 2460 997 2528 in
1022 2482 1137 2531 eorum

134 2560 273 2655 gratiam
285 2558 346 2653 qui
360 2558 467 2629 Psima
482 2578 606 2630 tantum
618 2558 829 2639 Cemetria,
855 2554 1081 2628 Arithmoticae
1100 2563 1135 2629 δι

138 2652 355 2727 Astronomiae
370 2652 536 2727 Elementa
548 2655 762 2753 perlegerunt,
775 2674 842 2725 tam
856 2661 974 2725 Conicas
981 2655 1135 2735 Selliones,

137 2776 261 2845 quamn
325 2749 1136 2849 rdemonstratasMotuumlcgespaucisattingereat-

136 2851 218 2943 que'
346 2874 382 2931 e;
395 2873 433 2921 ne
442 2844 526 2921 forte
537 2844 694 2945 quispiam
706 2846 821 2919 harum
831 2870 938 2921 rerum
949 2850 1073 2944 penitus
1085 2849 1136 2945 ig-

132 2972 229 3019 natus
241 2948 274 3019 in
287 2949 343 3020 Cl.
357 2948 516 3019 Newtoni
528 2947 665 3017 inventis
675 2944 887 3043 intelligendis
911 2943 1027 3017 frustra
1045 2944 1135 3018 labo-

132 3066 197 3117 tet.
230 3043 335 3147 Qud
346 3040 431 3115 enim
444 3042 483 3116 ad
495 3044 613 3143 primas
622 3066 773 3115 motuum
786 3051 820 3113 &
833 3040 1035 3115 collisionum
1049 3044 1134 3140 leges

132 3142 261 3222 attinet,
288 3142 370 3215 iniis
382 3135 572 3215 stabiliendis
584 3161 650 3225 tam
658 3136 777 3213 miseris
795 3144 911 3213 erravit
927 3140 1032 3213 modis
1050 3145 1133 3213 Car-

131 3236 250 3319 testus,
279 3236 429 3335 fallasque
450 3235 662 3311 reflexionum
687 3241 829 3338 Regulas
848 3240 922 3310 orbi
945 3256 1010 3311 tam
1035 3236 1135 3309 audad

131 3338 202 3408 ster
221 3334 366 3413 tradidit,
392 3358 430 3409 ut
449 3332 645 3434 praejudiciis
669 3334 742 3408 inde
762 3339 882 3407 exortis
900 3335 1049 3409 tollendis
1076 3360 1134 3407 va-

130 3458 205 3506 care
227 3433 492 3533 operaepretium
516 3432 605 3506 haud
627 3435 790 3505 immerito
817 3431 979 3505 videatur.
1028 3430 1132 3524 Quod

132 3554 213 3603 vero
233 3534 374 3623 Stilionet
398 3538 515 3601 Conicas
538 3529 667 3628 speclat,
700 3533 799 3604 Pauci
834 3529 914 3603 adeo
941 3523 1057 3608 exiis,
1083 3533 1134 3600 in«

138 3626 256 3701 ferioris
292 3628 445 3702 nimirum
473 3626 607 3701 subsellii
640 3626 894 3707 Mathematicis,
927 3630 958 3698 in
987 3648 1131 3717 quorum

132 3730 268 3827 gratiam
291 3727 492 3829 provinciam
517 3723 748 3829 hanc'luscepi,
774 3748 885 3798 earum
911 3721 1052 3795 indolem
1075 3746 1132 3798 aut

759 3824 788 3898 B
1049 3842 1128 3917 pro*
