2484 4366
295 194 982 273 imtrco-MATHEMATJM.
1084 213 1125 299 65

519 452 522 457 .
588 388 673 459 Vn.

145 543 239 635 (24.)
355 543 607 611 Unumns
630 555 737 613 motus'
764 562 838 632 que
858 538 1025 639 colligitur
1040 543 1127 640 capi·

370 635 453 710 endo
474 636 628 708 summam
647 660 798 710 motuum
819 636 981 710 sadorum
1003 636 1126 712 adean-

142 720 213 801 dem
237 757 371 829 partem,
404 743 438 805 &
461 727 674 806 differentiam
704 732 865 807 sociorum
892 733 933 807 ad
959 741 1127 812 contrariu

144 850 201 898 non
216 853 362 904 mutatur
380 833 418 902 ab
433 832 554 903 afflone
568 856 741 929 corporum
758 835 839 904 inter
852 830 895 903 se.

187 929 317 999 Etenim
329 932 412 1002 ostio
424 931 518 1021 eique
532 933 687 1003 contraria
694 931 813 1003 readio
828 931 961 1023 equales
973 924 1055 1012 sunt,
1067 950 1124 1032 per

146 1044 242 1095 motus
257 1031 381 1125 Legem
391 1028 534 1121 quintam
542 1053 553 1107 3
582 1024 737 1122 adeoque,
753 1051 808 1123 per
821 1032 942 1127 Legem
962 1051 1122 1122 quartam,

148 1124 272 1211 equales
288 1126 322 1196 in
339 1125 480 1197 motibus
496 1120 641 1197 efficiunt
657 1126 847 1198 mutationes
870 1126 976 1197 versus
997 1148 1122 1200 contra*

149 1216 203 1287 rias
214 1241 328 1314 partes:
355 1215 482 1319 Ergosi
502 1243 609 1293 motus
628 1216 710 1296 fiunt
729 1221 833 1295 versus
845 1218 974 1294 eandem
986 1238 1120 1317 partem,

149 1315 295 1409 quicquid
311 1316 439 1392 additur
457 1321 564 1391 motui
592 1323 734 1418 corporis
752 1316 904 1419 fugientis
924 1310 1121 1393 subducetur

150 1432 265 1485 anotu
284 1420 426 1513 corporis
447 1415 645 1510 insequentis,
671 1416 716 1490 fic
739 1438 775 1489 ut
792 1420 918 1512 stamma
932 1425 1054 1490 maneat
1067 1436 1120 1490 ea·

146 1500 210 1580 dem
221 1537 294 1605 quae
311 1515 410 1609 prius.
460 1515 515 1584 Sin
527 1538 659 1610 corpora
677 1512 807 1587 obviam
824 1535 895 1585 eant
908 1517 940 1585 in
955 1514 1065 1587 eadem
1079 1513 1118 1588 li·

149 1618 205 1684 nea,
229 1612 355 1701 aequalis
375 1613 434 1683 erit
453 1605 625 1685 subdudio
644 1604 685 1683 de
704 1633 797 1684 motu
820 1613 998 1704 utriusque,
1024 1611 1120 1686 adeo·

149 1717 202 1787 que
219 1705 383 1799 dfferentia
402 1729 553 1780 motuum
580 1706 739 1783 sudorum
767 1707 798 1779 in
825 1713 991 1782 contrarias
1017 1729 1118 1805 partes

149 1801 270 1873 manebit
284 1803 406 1877 eadem.
456 1802 509 1877 Ut
526 1800 549 1875 fi
565 1831 680 1902 corpus
703 1814 742 1877 A
757 1801 948 1902 sphericum
966 1802 1006 1876 fit
1018 1806 1116 1902 triplo

150 1895 233 1983 majus
251 1923 384 1997 corpore
410 1892 564 1998 sphaerico
583 1905 618 1984 B,
644 1898 820 1995 habeatque
837 1899 914 1972 duas
938 1903 1117 1975 veiocitatis

150 2003 249 2077 Putem
274 1997 309 2067 dc
324 2005 350 2068 B
368 1998 514 2093 sequatur
533 1998 566 2070 in
585 1998 696 2071 eadem
723 2001 808 2071 reda
835 2022 910 2070 cum
930 2000 1110 2072 velocitatis

105 2112 112 2185 ᾗ
152 2091 267 2173 Partibus
278 2084 392 2167 decem
403 2123 415 2178 3
443 2094 591 2191 adeoque
612 2119 720 2169 motus
742 2093 837 2193 ipfius
851 2103 900 2177 A,
924 2122 966 2167 ex
992 2098 1114 2170 veloci-

96 2251 97 2259 ,
153 2194 200 2285 fate
220 2195 250 2261 δι
272 2216 305 2261 m
367 2189 490 2264 itudine
518 2192 714 2281 conjundiim
736 2216 838 2272 ortus,
864 2191 903 2263 srt
923 2184 963 2264 ad
981 2215 1111 2268 motum

95 2359 98 2372 ,
153 2277 228 2370 lpsrus
241 2293 265 2356 B
279 2217 393 2361 eddim
410 2285 510 2361 modo
531 2288 731 2372 estimatum,
758 2313 794 2363 ut
811 2290 942 2362 senarius
960 2310 1111 2364 numerus
1179 2316 1183 2323 ·

152 2370 180 2443 td
193 2379 368 2457 denarium:
394 2406 543 2459 motuum
557 2410 634 2486 ergo
653 2382 774 2460 summa
792 2380 967 2459 incandem
985 2390 1112 2485 plagam

136 2467 183 2541 '2st
203 2482 336 2574 partium
358 2472 502 2555 sedecim.
560 2482 597 2556 In
619 2488 802 2583 Corporum
830 2486 938 2578 itaque
965 2493 1005 2556 A
1025 2493 1059 2555 &
1082 2484 1110 2555 B

94 2626 99 2641 .
153 2579 280 2647 concursu
294 2572 318 2648 si
336 2604 451 2679 corpus
460 2587 510 2661 A,
534 2605 593 2677 pro
607 2578 693 2654 varia
708 2583 842 2655 Elaterii
855 2582 1042 2675 quantitate,
1056 2583 1107 2655 lu·

118 2702 121 2707 ·
152 2684 233 2743 cretur
239 2697 346 2747 motus
351 2699 451 2772 partes
458 2698 532 2771 tres,
546 2675 599 2750 vel
606 2701 760 2772 quatuor,
766 2681 818 2749 vel
824 2680 980 2772 quinque,
994 2697 1109 2775 corpus

151 2761 171 2823 B
182 2773 294 2843 amittet
319 2795 420 2869 partes
446 2770 582 2846 totidem
589 2803 600 2858 3
634 2771 778 2867 adeoque
796 2790 906 2871 perget
930 2792 1044 2870 corpus
1069 2779 1111 2847 A

147 2861 199 2946 Post
211 2864 415 2942 reflexionem
439 2897 515 2943 curn
563 2866 681 2944 artibus
698 2897 826 2950 novem,
841 2872 893 2942 vel
907 2858 1032 2950 decem,
1050 2869 1104 2945 vel

147 2958 319 3046 undecim&
332 2973 357 3035 B
370 2993 445 3039 cum
458 2896 597 3066 partiius
605 2969 734 3081 septem,
743 2966 795 3040 vel
803 2967 867 3048 sex,
881 2962 933 3040 vel
939 2970 1083 3064 quinque
1090 2996 1103 3052 ;

146 3056 274 3154 fflstente
291 3062 409 3161 semper
428 3052 547 3137 summd
562 3088 701 3162 partium
721 3062 857 3137 sedecim
870 3083 907 3137 ut
921 3068 1026 3162 prius;
1056 3068 1107 3138 uti

144 3159 351 3256 ucorporibus
367 3183 422 3233 aut
439 3187 501 3234 non
517 3165 660 3244 omnim,
676 3184 730 3235 aut
742 3154 855 3235 saltem'
866 3158 984 3235 minori
1002 3163 1104 3260 grudu

143 3242 250 3329 ‘lasticis
263 3257 383 3354 semper
398 3262 533 3332 eveniet.
584 3262 637 3333 Sin
654 3280 767 3357 corpus
791 3263 831 3330 A
849 3263 992 3331 lucretur
1004 3276 1104 3355 partes

141 3358 247 3435 florem,
264 3352 325 3426 'ves
340 3344 464 3436 decem,
489 3359 541 3428 vel
553 3357 715 3437 undecim,
741 3352 794 3427 vel
806 3353 993 3439 duodecim,
1007 3354 1103 3428 adeo-

102 3486 109 3539 ².
140 3459 187 3552 que
201 3439 420 3547 progrediatur
433 3452 504 3551 post
523 3450 692 3525 occursum
715 3479 790 3527 cum
807 3452 946 3550 partibus
959 3451 1102 3549 ⁵quinde-

102 3568 107 3609 ε
137 3561 198 3626 tun,
227 3550 280 3620 vel
306 3544 463 3629 sedecim,
496 3552 547 3624 vel
571 3544 794 3647 septendecim,
825 3551 879 3623 vel
900 3542 1101 3629 octodecim,

100 3652 105 3737 J
135 3641 286 3741 sorpusB
312 3644 487 3719 amittendo
505 3669 555 3720 tot
576 3669 678 3745 partes
702 3668 785 3739 quot
805 3654 845 3717 A
861 3649 1014 3737 lucratur,
1046 3649 1099 3721 ves

129 3739 338 3836 progredietur
345 3769 422 3819 eum
434 3769 493 3816 una
506 3767 603 3842 parte,
619 3740 879 3841 amiffispartibus
892 3766 1008 3814 novem
1016 3769 1027 3827 ς
1045 3747 1098 3821 vel

125 3836 256 3940 quiescet
266 3835 376 3947 amisso
387 3840 542 3944 motpsuo
549 3836 747 4009 progressivp
753 3837 892 3941 partium
900 3834 1029 3927 decem3
1045 3844 1099 3916 vel
