2484 4366
109 204 175 311 30⁸
390 200 832 273 rraeaaorronrrs

160 329 446 425 Qremadmodum
457 333 545 403 enim
556 352 670 427 corpus
681 327 840 424 quodvis
854 329 984 430 duplici
993 335 1027 407 vi
1037 350 1092 406 con·

111 431 393 509 citatuminlmeis
402 427 528 501 duabus
538 451 666 527 pergere
677 427 813 522 nequit,
841 428 901 502 sed
922 455 964 503 ex
984 430 1092 523 conjura

114 533 175 604 tris
194 528 366 602 viribusin
388 526 668 624 parallelogrammi
683 523 720 597 d'
811 526 861 598 ali
881 527 999 601 eodem
1014 527 1094 601 modo

115 628 220 729 pergit
240 651 275 698 ac
295 623 321 697 sr
343 626 379 697 vi
398 625 491 696 unica
503 621 594 715 juxta
608 619 728 718 diagon
760 624 767 636 '
799 621 1019 698 dimotionem
1032 650 1096 697 con·

114 728 250 798 citatum
272 720 372 802 ell‘eta
411 722 455 792 ita
470 716 606 815 quidem
625 722 692 816 pari
709 720 842 792 ratione
867 744 982 797 motus
996 721 1024 795 bi
1037 723 1094 794 bini

115 846 197 993 qllantis
216 820 381 894 luminaria
410 814 481 888 haec
502 815 571 888 duo
593 818 736 889 excitant
757 840 831 890 non
868 841 1029 895 cernentur
1049 819 1092 891 di·

177 920 241 997 ἂε,
276 914 330 989 sed
353 935 481 986 motum
508 911 666 1007 quendam
688 914 845 988 mixtum
875 914 1031 992 officient.
1063 922 1093 988 In

114 1015 317 1088 luminarium
342 1011 621 1102 conjunctione&
645 1007 861 1105 oppositione
886 1016 1094 1114 conjungentur

114 1136 227 1185 eomm
245 1108 391 1192 effebus,
414 1115 668 1204 &componetur
681 1105 797 1180 fluxus
810 1116 851 1181 dc
864 1112 1093 1187 refluxusnnxi·

113 1233 198 1290 mus,
210 1205 895 1304 d'viriumnimirumfitmmtumtemporis
907 1209 1046 1284 oriundi.
1067 1215 1094 1280 In

114 1308 319 1381 luminarium
329 1301 528 1398 quadraturis
540 1304 595 1373 Sol
608 1303 731 1375 attollet
743 1326 885 1396 aquam,
894 1309 958 1381 ubi
969 1304 1095 1380 Lumdt·

115 1406 239 1504 prImit‚
262 1401 497 1500 deprimetque‚
518 1400 576 1471 ubi
592 1404 685 1471 Luna
710 1400 839 1472 attollit
845 1429 859 1484 3
890 1412 927 1475 &
947 1403 1095 1478 aestuonr

117 1503 208 1574 nium
228 1500 391 1578 minimus,
416 1498 435 1569 ὲ
452 1497 573 1569 virium
594 1498 749 1568 nimirum
768 1497 957 1592 differentia
972 1524 1035 1575 tun
1045 1502 1095 1572 ori·

116 1595 234 1677 undus,
266 1594 497 1667 observabitur.
547 1598 594 1665 Et
614 1594 780 1685 quoniam,
808 1601 1017 1694 experientia
1029 1595 1096 1676 telle,

117 1695 223 1767 multo
233 1690 389 1784 majorest
399 1688 531 1763 effeetus
546 1696 647 1762 Lunae
660 1714 758 1785 quam
769 1692 873 1775 Solis,
900 1696 1095 1790 incidetaqua

116 1793 255 1864 maxima
275 1786 414 1862 altitudo
437 1791 470 1861 in
493 1785 603 1859 horam
629 1789 756 1861 tertiam
782 1792 974 1867 Lunarem.
1022 1798 1095 1865 Extra

114 1887 267 1988 syzygias
285 1912 364 1958 vero
383 1893 417 1957 &
436 1883 638 1979 quadraturas
657 1881 956 1972 aestusmaximus,
981 1891 1037 1984 qui
1053 1888 1092 1959 solt

117 1989 153 2058 vi
165 1984 282 2060 Lunari
294 1981 432 2056 incidere
448 1981 566 2079 semper
579 1980 708 2055 deberet
725 1978 896 2058 inhoram
920 1990 1041 2061 tertiam
1048 1989 1092 2056 Iu

118 2107 236 2162 narem,
262 2087 296 2151 δι
307 2081 370 2152 sola
381 2081 416 2152 vi
435 2081 536 2151 Solari
557 2082 589 2151 in
608 2080 733 2151 tertiam
748 2082 914 2165 Solarem,
942 2080 1092 2182 compostis

118 2180 240 2251 viribus
254 2176 375 2249 incidet
392 2178 424 2248 in
454 2196 579 2273 tempus
599 2173 730 2268 aliquod
750 2177 1008 2262 intermedium,
1027 2174 1092 2272 quad

117 2278 220 2347 tertiae
236 2276 356 2346 Lunari
367 2273 472 2346 multo
492 2274 703 2371 propinquius
721 2273 783 2345 erit
805 2298 918 2367 quam
945 2280 1034 2351 tertia
1047 2280 1091 2344 So

117 2372 174 2442 lari
182 2398 193 2453 3
219 2369 363 2462 adeoque
377 2373 409 2443 in
423 2368 555 2442 transrtu
567 2375 669 2442 Lunae
682 2372 699 2441 l
712 2366 864 2469 syzygiis
885 2373 935 2447 ad
952 2372 1093 2470 quadratu·

117 2493 178 2548 ras,
203 2467 262 2540 ubi
279 2470 372 2539 Hora
384 2467 475 2540 tertia
490 2470 604 2540 Solaria
617 2466 771 2564 praecedit
791 2470 933 2544 tertiam
953 2479 1091 2545 Lunam

118 2567 257 2638 maxima
284 2588 375 2657 aquae
395 2561 534 2638 altitudo
556 2561 715 2661 precedet
739 2565 839 2637 etiam
858 2571 997 2642 tertiam
1015 2574 1093 2640 Luna

119 2687 205 2746 rem;
232 2660 332 2756 idque
342 2662 656 2734 maximointervallo
667 2661 761 2757 paulo
769 2661 1090 2758 postoetantestma

118 2765 166 2833 Et
187 2760 313 2859 paribus
329 2759 500 2831 intervallis
521 2757 614 2831 aestus
639 2760 796 2830 maximus
826 2759 990 2852 sequetur
1009 2760 1093 2833 boran

118 2859 245 2930 tertiam
270 2859 428 2929 Lun‘arem
448 2857 480 2929 in
501 2854 653 2928 Transrtu
678 2860 779 2927 Lunae
805 2856 823 2926 a
851 2850 1094 2948 quadraturisad

119 2955 283 3053 syzygias,
315 2951 416 3047 idque
441 2955 537 3026 etiam
558 2955 700 3025 maximo
728 2954 899 3024 intervallo
929 2948 1094 3054 paulopost

119 3052 260 3122 odontes
281 3055 394 3125 Lunae.
451 3054 536 3122 Haec
561 3073 672 3146 nempe
694 3051 800 3121 omnia
823 3050 854 3120 in
884 3056 1029 3127 Oceano
1050 3048 1094 3121 brt

119 3169 228 3247 aperto
245 3151 334 3219 mari.
385 3155 472 3222 Nam
485 3149 517 3219 in
536 3150 728 3221 Fluviorum
742 3144 847 3218 Ostiis
859 3147 976 3221 fluxus
988 3149 1096 3240 majores

121 3247 244 3319 caeteris
260 3245 384 3344 paribus
405 3244 506 3335 majus
524 3265 648 3342 tempus
672 3245 845 3336 requirent,
873 3265 976 3340 atque
995 3249 1039 3319 ita
1055 3267 1097 3318 tar·

120 3343 194 3416 dius
212 3344 308 3439 paulo
319 3341 360 3415 ad
373 3350 461 3427 inple
479 3342 565 3414 suam
582 3343 778 3439 pervenient.

169 3444 343 3512 XCVIII.
370 3436 482 3509 AEstus
505 3442 641 3511 marinus
665 3459 796 3537 propter
820 3436 966 3513 diversas
987 3440 1099 3513 lumina·

121 3542 209 3612 rium
223 3535 382 3610 distantias
398 3539 417 3606 a
433 3556 514 3607 terra
528 3558 600 3608 tum
615 3561 669 3634 per
689 3534 826 3633 fingulos
839 3559 954 3620 annos,
978 3558 1052 3611 tum
1064 3557 1101 3633 ptr

29 3636 32 3643 ’
122 3635 262 3728 fingulos
271 3633 392 3708 menses
401 3632 548 3707 diversus
563 3629 624 3706 esse
641 3632 738 3706 debet
748 3659 760 3715 3
788 3629 891 3722 idque
910 3637 946 3708 in
965 3636 1103 3734 triplicata

121 3730 341 3806 distantiarum
352 3731 481 3807 istarum
489 3734 610 3804 ratione
622 3733 793 3828 reciproca,
819 3726 887 3802 five
911 3733 946 3806 in
965 3735 1105 3835 triplicata

119 3826 350 3904 diametrorum
363 3831 581 3929 apparentium
598 3830 718 3909 ratione
736 3825 867 3901 diresla.
1047 3928 1082 3996 H

112 3962 119 3973 ·
1081 3944 1107 3994 ot
