2484 4366
118 202 189 285 sat
395 166 845 325 rnaetamrqrrus

116 331 273 434 posterior
297 336 332 404 &
355 328 457 421 unior
479 332 512 404 in
536 331 694 429 eclipticas
711 331 805 429 plano
824 330 958 432 semper
980 332 1054 417 sna,
1084 333 1110 408 it

112 435 214 533 'plano
226 427 341 517 orbita
353 452 417 507 nou
426 431 488 505 etit
540 427 600 502 'srta
611 457 623 512 3
650 450 746 523 atque
761 426 843 501 adeo
855 453 989 505 motum
1002 430 1113 505 satelli·

119 534 161 604 tis
181 533 214 604 in
232 526 435 605 latitudinem
457 454 577 600 auisset
596 528 774 621 lineamque
790 525 957 603 nodotum
978 533 1012 604 iu
1032 550 1114 603 ante·

110 627 264 703 sedentia
283 650 419 700 remeare
443 644 550 724 coget.
607 630 767 697 Ponantur
794 627 956 701 nimirum
979 624 1063 703 nodi
1082 628 1112 701 in

116 723 319 823 quadraturis
334 723 443 824 positi,
466 730 503 795 δι
522 726 572 797 vis
589 717 660 797 hac
716 720 829 799 starioc
847 725 947 822 plano
957 725 1109 825 ecliptioe

111 822 282 923 ¹parallelos
299 847 392 921 agens
417 821 615 902 satellitemr
705 821 778 895 sin
804 825 966 897 utramuis
993 843 1104 922 pm

118 922 344 1002 transtuntem
368 928 402 994 dt
423 923 456 993 in
478 921 573 1018 plano
590 918 708 993 orbitat
725 916 789 993 suat
808 922 1054 1018 perrecturum,
1074 919 1108 995 ab

112 1017 183 1109 ,isto
200 1019 293 1131 plano
308 1039 463 1117 perpetuo
477 1015 641 1101 retrahett
668 1019 712 1091 ita
723 1037 761 1090 ut
773 1019 864 1093 loco
879 1017 1110 1097 messenium

118 1128 264 1216 prox'rme
282 1113 402 1188 futura
423 1117 536 1212 spurii
553 1116 666 1213 prioris
688 1115 909 1196 interstsiione
921 1114 1029 1193 distet
1047 1140 1113 1193 tret-

98 1217 171 1299 xsus
188 1211 414 1295 antecedentia.
464 1213 539 1286 Ubi
557 1233 664 1285 autem
677 1211 757 1285 nodi
770 1212 841 1286 sunt
857 1215 946 1295 inter
965 1213 1114 1315 syzygias

120 1320 156 1385 u
175 1309 392 1407 quadraturas,
414 1312 464 1382 vis
476 1308 547 1383 haec
562 1307 716 1408 posterior
737 1334 822 1383 nunc
840 1310 948 1386 nodos
964 1313 998 1388 in
1013 1310 1113 1387 consc-

119 1412 264 1504 quentia,
282 1434 366 1481 mmc
381 1406 638 1483 inantecedentia
651 1405 762 1480 cedere
774 1431 894 1508 coget3
924 1411 1054 1525 semper
1063 1434 1113 1485 an·

113 1509 236 1579 tam-in
252 1507 378 1605 integro
392 1507 541 1578 Satellitis
552 1507 694 1577 circuitu
705 1503 833 1578 excessu
845 1510 974 1581 virium
988 1528 1109 1585 inante·

120 1600 264 1676 cedentia
277 1602 403 1703 regredi
417 1629 456 1676 co
498 1625 538 1686 tt
563 1601 648 1675 unde
666 1604 698 1674 in
713 1601 875 1678 nodorum
887 1605 1041 1705 syzygiis
1052 1631 1111 1679 rna·

120 1701 243 1774 nebunt
255 1701 303 1773 illi
322 1701 455 1774 immob'
470 1726 528 1774 es:
556 1698 775 1773 incorundem
793 1701 1004 1795 quadraturis
1021 1704 1112 1778 ctkr·

121 1801 201 1875 rime
221 1799 446 1873 retrocedenta
474 1806 508 1870 &
523 1797 850 1877 inlotis-intermediis
865 1799 1067 1885 conditionis
1077 1826 1110 1873 u·

121 1896 264 1993 tritisque
281 1900 449 1996 participes
474 1894 623 1969 recedent
648 1893 792 1979 tardius3
819 1897 969 1992 adeoque
999 1896 1021 1970 s

120 1994 176 2067 tsi
192 1993 382 2093 retrogradi,
415 1996 468 2066 vel
486 1991 671 2078 stationarii,
701 1992 726 2065 sr
809 1994 816 2010 '
854 1922 1108 2071 revolutiffi

119 2090 264 2166 serentur
290 2095 323 2164 in
351 2088 577 2164 antecedentia.
632 2096 705 2164 Not
768 2117 824 2165 um
847 2113 980 2175 autern,
1013 2092 1110 2167 orbita

119 2210 210 2269 extra
227 2189 255 2259 s
273 2213 317 2286 zy
343 2190 382 2261 ‘as
408 2196 443 2260 dc
486 2185 668 2261 uadrattuas
695 2185 814 2286 polita,
843 2188 927 2273 dum
954 2188 1109 2275 satelltes
1151 2246 1153 2281 ,

118 2282 210 2364 nodo
250 2308 306 2358 cen
329 2307 400 2358 ente
414 2213 718 2366 addescendentem
746 2288 830 2360 reli
847 2284 1109 2365 descendented
1151 2284 1153 2319 ¹

118 2380 335 2470 ascendentem
351 2384 470 2483 pergit,
494 2380 596 2463 nodos
616 2381 735 2455 tardius
746 2384 873 2484 regredi
889 2383 1109 2479 quamdinvis

108 2487 209 2563 Md,
234 2482 289 2554 vel
312 2488 378 2551 mS
400 2482 523 2579 plagam
539 2477 629 2557 istam
648 2480 775 2579 respicit
785 2483 875 2579 ‚plani
895 2476 1108 2577 adquamsa-

56 2637 59 2642 .
119 2578 207 2650 telles
225 2577 347 2676 pofitus
366 2576 412 2651 est
417 2605 430 2662 3
456 2584 491 2649 δι
511 2576 636 2662 tamdiu
650 2576 803 2678 progredi
820 2577 981 2674 quamdiu
994 2574 1106 2669 visilia

118 2675 245 2791 plagam
263 2673 441 2777 oppositam
458 2673 597 2774 respicit.
646 2678 699 2750 Sic
721 2674 823 2776 posita
845 2672 1014 2750 nodorum
1037 2678 1108 2761 linat

118 2798 153 2848 tn
172 2777 299 2850 odante
320 2777 412 2858 Solis,
436 2768 509 2872 post
524 2770 629 2847 -srtum
655 2772 723 2864 ejus
747 2776 780 2847 in
805 2774 1027 2868 quadraturis,
1050 2772 1108 2859 lire

120 2874 203 2943 circa
227 2881 269 2955 R,
295 2876 329 2944 dc
352 2900 381 2954 r,
409 2873 537 2943 Satelles
556 2873 684 2968 planum
713 2872 877 2968 ecliptica
898 2870 996 2971 super.
1038 2868 1109 2957 ‘esus

119 2968 205 3043 circa
230 2976 259 3038 R
284 2970 408 3066 plagam
431 2967 562 3047 solarem
580 2967 722 3064 respicit3
748 2966 803 3041 sed
824 2970 872 3041 vis
891 2990 1010 3064 pertus
1050 2970 1109 3059 trip

118 3060 159 3136 ab
184 3070 212 3134 R
236 3062 276 3136 ad
299 3065 524 3158 quadraturam
551 3070 579 3135 C
600 3063 705 3136 tendit
730 3062 770 3137 ad
802 3088 901 3161 partes
928 3069 1109 3158 contraria,

115 3184 174 3260 per
193 3161 307 3238 circuli
327 3164 480 3235 nimiunn
504 3161 677 3242 oduntem,
708 3160 823 3235 deinde
845 3158 1051 3237 evanescente
1078 3165 1108 3237 in

142 3257 308 3335 uadratura
320 3262 357 3333 ui
409 3259 611 3340 r'turbntrice,
636 3254 707 3357 post
715 3258 845 3332 eandem
858 3263 972 3356 incipit
985 3264 1111 3335 vis-vtr-

117 3284 168 3430 sus
182 3358 288 3431 Solem
299 3283 447 3440 tenddirsa
475 3379 571 3451 atque
588 3381 644 3456 per
655 3378 716 3428 tres
727 3358 875 3450 reliquos
893 3359 1122 3456 osiantcamo

118 3476 173 3527 net
189 3483 199 3526 r
226 3456 270 3527 ita
283 3476 322 3527 ut
334 3454 449 3529 orbitae
464 3456 594 3529 mobilis
606 3453 769 3528 nodorum
787 3456 866 3527 linea
876 3457 1027 3552 'primum
1040 3480 1113 3554 pro-

117 3552 282 3650 grediatur
299 3555 478 3650 paululum,
490 3551 606 3624 deinde
618 3555 800 3651 paulo-plus
814 3551 1018 3651 regrediatur
1024 3581 1037 3637 3
1064 3575 1112 3627 ate.

49 3712 57 3721 .
118 3671 184 3740 que
204 3649 412 3724 consimiliter
437 3651 469 3722 in
489 3651 591 3730 altero
618 3648 839 3735 semicirculo:
865 3648 983 3733 donet,
1000 3651 1115 3731 modae,

118 3768 193 3816 rum
215 3749 296 3820 linea
312 3747 463 3846 syzygias
489 3748 674 3859 appellente,
700 3743 932 3846 progressus&
956 3744 1114 3848 regressus

119 3838 181 3941 spot
193 3842 395 3945 intersefere
411 3847 571 3955 aequalest
588 3865 727 3941 ‚utrique
745 3845 891 3955 scamno
909 3843 1115 4018 mosim

1004 4016 1009 4030 ,
1063 3968 1116 4021 sta
