2484 4366
126 186 191 276 ,98
393 184 844 275 praetermittas

130 321 187 388 Ex
201 315 262 391 htc
285 337 393 389 autom
419 315 577 389 methodo
594 319 655 388 rite
680 316 840 403 intellesla
859 318 1004 397 omnino
1013 320 1118 412 liqut,

130 413 263 496 stellam,
287 416 381 491 verbi
391 418 504 512 gratia,
529 412 929 512 polaremlpolomundi,
942 413 1122 511 siveaequa·

131 516 210 584 toris
232 516 339 584 Boreo
355 513 439 583 circa
460 511 629 584 solstitium
653 509 799 592 a’stivum
820 534 929 604 quam
950 512 1122 611 circahye-

131 613 213 682 male
222 608 335 685 distare
347 611 446 706 magis
458 636 469 691 3
496 608 596 703 idque
610 608 709 705 spatio
722 606 904 683 admodum
916 607 1069 695 sensibili,
1077 614 1121 685 ni-.

131 710 252 779 mirum
280 727 356 803 40''
384 728 438 777 aut
462 729 550 802 45⁰·
600 704 702 796 Unde
724 703 893 791 concludit
921 706 1117 787 Flamstndinr

131 811 165 875 δι
193 803 262 876 dati
286 826 395 877 revera
418 807 559 877 Telluris
580 825 708 875 motum
727 829 870 885 annuum
891 806 989 881 cirea
1015 808 1114 903 Solito,

131 900 265 973 &lixas
287 901 432 998 parallaxi
457 928 566 977 annun
596 903 666 973 satis
692 898 827 987 sensibili
854 898 923 977 effe
950 904 1113 985 ohnoxiae:

128 1022 300 1091 earumque
313 997 444 1095 proinde
458 999 616 1072 distantias
627 996 742 1074 exinde
755 998 868 1095 colligi
880 996 994 1096 posse.
1041 998 1120 1095 erl

128 1094 183 1166 hic
199 1097 396 1193 Gregoriusi
426 1102 519 1170 Num
540 1119 632 1196 negat
646 1097 774 1169 Stellam
788 1121 818 1170 e.
832 1121 868 1192 g·
891 1099 1046 1191 polarem
1064 1124 1123 1175 me·-

128 1193 176 1288 gis
195 1193 214 1262 d
233 1195 313 1264 Polo
332 1193 456 1267 Mundi
476 1199 583 1267 Boreo
606 1191 722 1266 distare
740 1195 823 1265 circa
844 1191 1030 1273 solstitium
1047 1195 1123 1273 eh·-

130 1315 210 1361 vum
224 1315 322 1383 quem
346 1292 511 1363 brumales
539 1294 679 1369 Minime
695 1290 774 1362 sune.
824 1295 927 1367 Num
950 1296 1037 1369 Axis
1050 1292 1125 1371 Tel·

129 1389 206 1458 luris
224 1388 436 1460 Nutationem
458 1390 541 1460 illam
555 1390 775 1486 perexiguam,
800 1411 866 1480 qua
884 1388 1122 1475 inclinationem

128 1484 285 1578 ecliptica
304 1489 338 1552 δι
353 1488 520 1576 aquatoris
535 1484 575 1557 ad
587 1482 716 1557 solstitia
730 1485 844 1560 minui,
870 1482 914 1559 ad
930 1489 1120 1580 aequinoffit

128 1578 1117 1773 lhlllll{lllllallhlhlssllllllllhsll'

126 1771 245 1846 stedius
258 1771 339 1845 hanc
356 1707 568 1850 Nutationiim
581 1778 785 1874 perexiguam
799 1774 997 1851 confirmate
1017 1782 1116 1875 potius

367 1900 464 1969 quam
483 1875 641 1947 infirmare
664 1873 845 1955 sententiam
874 1872 981 1968 suam,
1031 1873 1114 1964 Qaid

368 1970 621 2140 feriari
645 1965 952 2141 1³⁰⁶*ssst
1003 1977 1114 2147 alt

491 2096 511 2141 u
591 2095 621 2146 C,
648 2095 658 2137 1
727 2097 736 2139 1
824 2112 834 2144 t

127 2181 151 2215 ‘⁸
164 2163 396 2237 determinandi
410 2166 557 2262 supponit
576 2093 717 2236 Telluiis
731 2189 821 2237 axem
841 2161 902 2237 sibi
922 2092 1113 2241 eiapadiiffime
1148 2150 1152 2173 ’

125 2277 149 2313 “
162 2258 223 2332 esse
241 2259 449 2359 parallelum:
488 2285 565 2333 cum
587 2257 658 2332 haec
679 2264 710 2332 in
731 2258 884 2357 oppositis
905 2263 1042 2358 putastis
1056 2263 1112 2338 sun

125 2358 277 2436 “orbitae
311 2357 452 2430 versatur
476 2355 604 2451 quando
630 2359 862 2431 observationes
895 2357 1109 2452 instituuntur.

124 2456 254 2544 Qiidni
272 2455 436 2623 supponat,
461 2477 515 2526 aut
529 2454 734 2544 exaclissrme,
759 2478 813 2528 aut
821 2455 989 2552 proposito
1003 2457 1111 2530 suohr

124 2555 166 2630 tis
179 2555 289 2625 exacle
305 2552 329 2624 st
354 2556 365 2624 i
383 2553 503 2648 semper
519 2554 720 2647 parallelum?
748 2569 773 2602 “
783 2556 888 2632 Licet,
906 2557 1018 2652 pergit
1031 2544 1111 2629 Gre·

124 2665 149 2703 “
161 2654 283 2748 gorius,
307 2652 389 2723 Axis
404 2651 546 2723 Nutatio
562 2648 619 2721 ista
638 2652 766 2746 exigua,
790 2649 831 2721 de
850 2674 915 2742 qua
933 2655 1111 2748 nuperrime

124 2761 148 2824 5‘
161 2747 316 2829 diximus,
342 2748 555 2832 observationi
578 2745 811 2824 Flamstedianae
832 2749 965 2820 minime
987 2748 1110 2843 obstet,

122 2848 234 2917 “Alia
256 2870 360 2918 tamen
380 2844 504 2918 aliunde
531 2866 600 2915 orta
623 2848 764 2916 N'utatio
785 2865 887 2920 totam
912 2841 996 2917 hanc
1021 2844 1109 2919 stella

121 2952 146 2991 n
157 2943 304 3036 polarisl
323 2945 399 3038 polo
419 2941 573 3014 distantiae
594 2939 811 3017 diverfitatem
829 2939 1008 3036 producere
1023 2965 1109 3040 pote·

5 3062 7 3066 ⁴
123 3037 215 3112 “rit.
264 3041 299 3109 Si
320 3040 474 3110 nimirum
497 3035 720 3134 hemispherii
740 3061 832 3109 terrae
855 3036 996 3112 australis
1019 3043 1109 3138 paulo

121 3134 261 3225 “major
289 3131 329 3204 sit
349 3132 482 3206 densitas
508 3159 605 3227 quam
631 3131 853 3232 haemispliaerii
880 3135 1016 3210 borealis
1044 3138 1109 3222 (vel

121 3244 146 3306 s‘
159 3255 288 3330 propter
304 3233 459 3305 minorem
482 3233 528 3303 illi
548 3228 685 3302 aestatem
704 3258 803 3326 quam
826 3229 917 3311 huic,
943 3232 1108 3329 majusque

120 3341 144 3376 “
156 3329 279 3428 frigus3
307 3332 359 3406 vel
370 3331 750 3427 propter-continentium
770 3350 859 3401 terrae
880 3326 919 3399 ad
940 3331 1032 3426 polos
1103 3408 1108 3416 ‚

120 3438 145 3476 “
172 3448 293 3499 rtorum
317 3428 577 3520 inequalitatem,
608 3428 662 3496 vel
693 3428 783 3497 aliam
806 3424 928 3497 causam
949 3451 1036 3518 quan
1062 3455 1109 3511 am

119 3536 144 3605 ‘,‘
156 3527 247 3599 nobis
262 3528 434 3623 ignotam)
462 3526 582 3595 cumin
597 3521 732 3594 solstitio
753 3521 894 3618 hyemali
913 3526 1011 3595 Polus
1036 3531 1107 3598 Au·

120 3629 146 3665 “
159 3619 272 3696 strinus
298 3643 411 3696 annuat
441 3620 481 3691 ad
507 3623 630 3700 Solem,
664 3627 697 3689 &
720 3619 812 3697 sunul
837 3620 884 3690 illi
909 3623 1044 3714 propior
1072 3620 1109 3696 fit

117 3728 144 3762 “
157 3741 253 3805 quam
265 3719 312 3790 est
323 3721 416 3814 polus
433 3722 572 3788 Borean:
601 3742 742 3809 cumque
756 3739 900 3812 tempore
915 3714 1054 3791 Solstitii
1069 3745 1110 3807 τι,

114 3824 141 3902 .‘.‘
155 3811 231 3885 stivi
249 3812 303 3885 hic
319 3815 359 3888 ad
373 3818 480 3888 Solem
493 3816 614 3897 annuit,
640 3814 841 3889 inclinabitur
853 3815 920 3887 axis
938 3834 1032 3891 terrae
1046 3841 1114 3906 tna.-¹

1007 3915 1109 4014 §tei
