2484 4366
166 198 234 273 ³40
392 160 908 236 ‘rraeurcrronres
1029 192 1032 197 ·

172 315 196 351 “
222 320 296 372 rum
307 295 349 369 de
362 292 411 367 his
422 292 517 367 rebus
528 292 691 365 scientiam
699 291 921 366 referendam
940 293 1017 366 elle.
1063 297 1110 364 Ac
1119 295 1161 364 uir

174 408 201 446 “
225 399 284 469 alia
303 397 321 466 l
342 395 482 471 Grecis,
507 390 672 485 utriusque
693 391 814 489 populi
840 392 1048 473 victoribus,
1068 414 1164 489 reperta

176 504 200 545 ‘⁶
225 492 273 566 est
287 490 372 590 apud
389 516 443 563 eos
458 487 624 572 doslrina3
650 486 731 560 adeo
752 510 790 561 ut
812 512 909 571 eam,
935 515 1041 584 quam
1055 515 1125 561 nunc
1137 513 1164 558 co

177 602 202 642 ‘⁶
228 591 329 687 usque
346 590 564 688 proveximus,
577 585 841 667 Astronomianr,
856 589 999 661 Graecis
1016 585 1091 686 ipsis,
1100 610 1160 684 pra·

178 700 204 739 “
228 689 336 763 sertim
355 712 471 786 magno
492 682 696 782 Hipparcho,
730 688 782 757 uti
803 685 1060 766 inventoribus,
1079 708 1156 779 accep

180 797 205 835 “
229 808 296 858 tam
308 782 493 857 debeamus·
543 779 645 880 Apud
664 779 727 859 hos,
748 806 835 853 vero
861 780 1062 867 Aristotelis
1073 782 1151 853 sner-

181 896 206 933 “
231 886 287 964 tia,
311 883 371 975 qui
384 887 537 955 Cometes
554 878 635 952 nihil
650 877 738 951 aliud
759 874 825 949 esse
849 881 971 953 voluit
986 903 1153 975 quaruvapo

181 993 207 1030 “
231 1005 277 1052 res
295 978 487 1058 sublunares,
512 979 564 1051 vel
579 985 674 1049 etiam
690 980 848 1049 Meteora
869 1001 984 1061 aerea,
1008 973 1155 1051 tantunes-

181 1090 206 1125 ‘⁶
232 1076 323 1157 fecit,
349 1101 386 1150 ut
403 1075 474 1148 haec
493 1073 727 1146 Astronomicae
751 1072 898 1147 scientiae
915 1100 996 1174 pars
1014 1073 1157 1174 longtsub

172 1187 206 1250 .“
231 1172 372 1247 tilissrma
394 1175 525 1246 omnino
546 1173 689 1271 neglesla
711 1169 885 1256 manserit:
918 1199 1006 1247 cum
1026 1173 1157 1255 neminie,

180 1286 205 1322 “
231 1296 313 1369 pera:
333 1276 475 1373 pretium
487 1270 591 1344 visum
611 1268 711 1341 suerit
725 1294 823 1366 vagas
839 1276 877 1341 dc
897 1272 1044 1343 incertas
1062 1269 1157 1341 fluitan-

180 1383 206 1420 “
230 1372 314 1443 tium
326 1373 358 1443 in
370 1368 485 1444 aethere
497 1394 535 1439 va
580 1393 654 1439 rum
666 1364 786 1438 semitas
799 1365 983 1450 adnotare,
1007 1367 1066 1440 scri
1085 1366 1158 1460 risque

183 1481 209 1516 ‘⁸
233 1464 380 1539 mandare
389 1494 400 1551 ;
428 1463 513 1538 unde
542 1467 649 1536 acrum
662 1485 699 1537 ut
712 1464 752 1535 ab
766 1463 830 1536 illis
842 1462 934 1538 nihil
951 1469 1035 1538 certi
1045 1393 1085 1537 ds
1096 1486 1158 1536 notu

179 1577 209 1656 ’⁶‘
235 1569 447 1638 Cometamm
461 1561 501 1635 ad
515 1588 569 1635 nos
583 1557 793 1635 transmissum
804 1564 1012 1661 reperiatur.
1048 1623 1056 1638 .

229 1674 255 1711 “
279 1663 393 1734 Seneca
414 1683 521 1734 autem
539 1655 761 1757 Philosophus,
785 1659 962 1758 perpensis
981 1658 1160 1735 duommiu

180 1771 208 1808 ‘⁸
234 1756 373 1857 signium
392 1760 440 1832 sui
461 1759 610 1855 temporis
628 1763 842 1829 Cometarum
859 1755 1101 1839 Phaenomenis,
1118 1779 1161 1826 nou

181 1869 207 1905 “
231 1853 398 1930 dubitavit
409 1858 447 1929 iis
459 1857 531 1928 loca
543 1857 771 1951 intercorpora
783 1852 938 1928 coelestia
953 1855 1163 1954 affignaeny·

181 1965 208 2002 “
232 1951 310 2027 deta
318 1951 378 2027 esse
392 1980 468 2027 curn
478 1951 603 2026 mundo
614 1950 766 2024 duratura
776 1949 988 2036 existimans,
1012 1975 1162 2050 quanquam

181 2062 208 2098 ⁶<
232 2074 339 2124 motus
347 2077 460 2125 eorum
468 2051 592 2150 legibus
602 2048 744 2121 noudum
759 2053 945 2146 compertis
960 2054 1035 2150 regi
1045 2051 1162 2123 fateatu.

183 2159 209 2197 ‘⁴
235 2148 449 2243 Tandemque
462 2149 630 2221 Vaticinio
646 2171 709 2218 non
722 2146 813 2221 irrito
828 2151 1010 2245 promittit
1023 2143 1160 2242 aliquando

181 2256 208 2291 “
233 2244 343 2319 sutura
359 2249 475 2326 secula,
499 2244 618 2341 quibus
630 2241 701 2317 haec
714 2245 930 2317 tamocculta
943 2247 1009 2317 dies
1028 2243 1159 2318 extraheres

183 2351 209 2388 “
235 2368 272 2412 ac
286 2346 419 2443 longioris
434 2354 488 2413 aeva'
505 2344 676 2442 diligentia:
701 2338 887 2434 quibusque
911 2342 1112 2416 admirationi
1123 2337 1163 2410 so·

184 2449 209 2484 “
234 2460 282 2512 ret
302 2437 382 2512 haec·
395 2448 510 2512 Veteres
528 2437 645 2512 nescire
664 2434 827 2536 potuisse3
859 2437 1051 2535 postquam
1065 2447 1165 2513 Demo

182 2546 212 2585 “·
224 2535 373 2628 straverit
389 2541 496 2635 aliquis
514 2543 649 2617 Natura
660 2541 824 2633 .Interpres
838 2544 869 2604 in
885 2536 1006 2633 quibus
1020 2541 1167 2635 Catapani

183 2644 210 2681 '‘
234 2633 289 2706 bus
310 2643 429 2707 Comere
452 2657 561 2715 ment,
592 2643 710 2731 quanti,
802 2633 898 2728 lefipue
912 2639 994 2727 fint.
1052 2636 1106 2706 Ab
1126 2631 1166 2702 hat

184 2742 210 2778 “
237 2755 343 2805 autem
363 2739 489 2805 Senecae
507 2731 656 2804 sententia
675 2733 707 2803 in
753 2730 863 2803 iversas
883 2753 996 2825 partes
1018 2732 1101 2805 abiit
1115 2753 1167 2829 peut

184 2841 209 2874 “
233 2833 336 2903 omnis
351 2827 619 2902 Astronomorum
633 2825 761 2900 Cohors
767 2856 778 2910 3
806 2853 841 2899 ac
855 2826 923 2922 ipse
940 2833 1080 2911 Seneca,
1091 2851 1167 2922 neque

182 2937 208 2971 “
233 2925 438 3022 phaenomena
448 2948 570 3019 motus,
594 2927 715 3020 quibus
727 2925 914 3019 opinionem
930 2923 1022 3000 hanc
1037 2949 1168 3002 tueretur

111 3030 128 3062 s
183 3033 209 3067 “
234 3047 338 3117 neque
364 3048 430 3097 tem
453 3050 508 3096 ora
528 3024 703 3095 adscribere
725 3021 871 3122 dignatus
894 3019 946 3093 est
964 3049 1052 3117 quae
1069 3024 1170 3124 posteri

184 3133 209 3166 “
234 3119 362 3192 adhaec
384 3047 565 3194 dehnienda
589 3121 660 3193 usui
681 3120 800 3193 soient.
850 3124 905 3189 Ac
923 3125 1081 3196 evolutis
1095 3124 1169 3221 pluri

184 3229 210 3265 “
234 3219 296 3291 mis
317 3225 528 3291 Cometarum
546 3217 687 3292 historiis
698 3216 779 3292 nihil
792 3219 931 3289 omnino
950 3221 1095 3296 invenio
1108 3215 1170 3314 quos

181 3327 207 3362 “
233 3313 312 3390 huic
334 3319 467 3414 negotio
492 3316 640 3389 inservire
660 3313 754 3411 poffit
779 3335 848 3386 ante
871 3339 1000 3389 annum
1018 3321 1040 3390 ὲ
1061 3315 1168 3391 Christo

183 3424 209 3458 “
234 3436 414 3511 nat01337
451 3441 519 3509 quo
538 3410 747 3510 Nicephorus
761 3417 927 3510 Gregoras
947 3415 1168 3488 Historicus&

182 3523 209 3558 ‘⁴
234 3509 448 3583 Astronomus
468 3510 835 3608 Constantinopolitano
853 3510 948 3585 nobis
963 3517 1125 3588 Cometa
1143 3510 1168 3582 se

184 3619 209 3654 “
234 3611 346 3681 mitam
365 3613 448 3682 inter
468 3610 547 3683 fixas
568 3611 638 3681 satis
658 3631 803 3688 accurate
824 3605 1024 3706 descripsit:
1053 3633 1170 3711 tempora

183 3716 209 3750 “
235 3727 343 3779 autern
377 3712 472 3780 nimis
504 3708 574 3780 laxe
608 3704 833 3804 consignavit:
872 3705 920 3778 ita
952 3729 997 3780 ut
1034 3735 1101 3782 non
1132 3704 1171 3780 uisi

178 3813 206 3898 ἐξ
229 3803 322 3896 quod
340 3803 455 3879 abhinc
469 3805 710 3904 quadringentis
728 3829 806 3903 pene
826 3805 914 3880 aunis
936 3808 1173 3975 apparueritblu·

288 3940 296 3953 ·
622 3962 635 3977 .
1080 3923 1104 3957 “
1143 3930 1172 3974 r:
