2484 4366
118 186 191 284 178.
233 236 237 243 -
394 190 826 267 PReAELECTIONES

116 320 263 400 simulac
282 317 482 399 dirninintur
497 325 613 398 orbitae
629 326 777 400 Satellitis
787 324 927 411 radium
953 328 1104 400 &Tem-

116 449 175 525 pus
191 417 394 520 periodicum
411 424 558 497 satellitis
572 425 658 498 circa
668 427 856 524 primarium
872 448 935 524 per
945 426 1106 498 vicesmu·

117 523 257 603 tabitur3
284 520 454 616 augebitur
475 523 629 595 nimium
652 546 729 595 cum
751 524 849 597 audio
862 520 982 607 radi03
1009 529 1045 595 ᾱ
1060 520 1105 605 ὥ,-

118 625 283 696 minuetur
299 641 377 691 cum
392 619 566 694 diminuto.
1008 640 1014 653 '
1116 689 1119 693 .

169 716 231 791 Vis
248 740 314 810 qua
330 718 495 816 primarius
509 715 609 791 trahit
627 718 804 792 Satellitem·
813 738 957 816 augente
972 740 1044 790 cum
1053 721 1103 790 Sa·

120 815 271 891 telles-est
284 817 316 890 in
328 813 525 909 quadraturis
551 822 587 896 C,
618 821 653 886 δι
678 823 731 897 D,
761 840 816 914 per
835 815 1041 890 additionem
1057 817 1103 887 vis

122 921 198 994 SP,
224 914 370 1009 velSp:
395 916 593 985 evanescente
618 913 654 984 vi
678 919 774 993 SM,
799 915 853 987 vel
877 922 978 986 Sne:
1011 920 1044 986 dl
1059 912 1102 987 di·

123 1012 281 1087 minuitur
296 1035 370 1081 cum
388 1012 517 1083 Satelles
531 1006 577 1081 est
600 1010 632 1081 in
652 1007 815 1108 syzygiis,
839 1035 899 1109 per
921 1012 1103 1086 abinaam

123 1109 173 1183 vis
195 1110 291 1187 SM,
315 1111 370 1180 vel
391 1114 470 1178 Sm.
520 1112 566 1179 Et
593 1108 670 1200 quia
697 1109 746 1179 vis
774 1111 875 1189 SM,
900 1111 960 1183 vel
993 1110 1101 1181 Satin

87 1211 89 1215 ’
122 1205 268 1306 syzygiis
283 1202 330 1279 est
347 1205 436 1300 quast
455 1204 557 1304 duplo
581 1202 681 1298 major
700 1228 799 1299 quam
822 1211 905 1288 Se,
929 1209 990 1280 vel
1013 1208 1103 1305 Spin

124 1302 346 1399 quadraturisa
382 1302 440 1376 ubi
471 1309 501 1375 R
525 1304 578 1375 vel
601 1329 619 1372 r
642 1300 799 1398 perustum
823 1327 901 1376 cum
918 1305 1049 1404 punsio
1066 1306 1102 1384 B,

125 1403 231 1477 velA
249 1401 316 1473 fere
327 1398 497 1481 coalescit3
524 1401 572 1470 vis
583 1397 725 1494 primarii
736 1401 904 1473 amacina
915 1405 1026 1502 magis
1033 1422 1104 1496 qua·

121 1497 202 1573 libet
215 1497 318 1571 mense
337 1494 502 1595 synodico
519 1493 721 1568 diminuetur
739 1522 837 1591 quam
856 1501 1062 1598 augebiturs
1080 1522 1106 1569 e·

123 1593 254 1687 deoque
275 1616 335 1692 pro
366 1593 514 1667 absolute'
537 1591 696 1667 diurinuta
720 1592 769 1666 est
793 1598 929 1669 omnino
957 1591 1105 1672 censenda

125 1693 236 1767 Audis
253 1691 355 1789 igitur
373 1694 458 1765 circa
473 1688 658 1788 Systematis
675 1688 854 1765 Perihelion
879 1696 969 1768 Solis
987 1697 1033 1776 vi,
1053 1695 1106 1767 he

171 1787 368 1888 escetmugis
385 1793 435 1862 vis
446 1789 611 1862 atu-aetite
623 1789 775 1886 primarii,
799 1797 834 1861 &a
851 1788 1047 1866 dilatabitur
1062 1814 1107 1862 or·

148 1889 216 1963 ita:
241 1884 399 1961 diminuta
415 1909 521 1960 autem
534 1888 619 1960 circa
642 1886 825 1983 systematis
845 1887 1016 1986 Aphelion
1038 1888 1107 1961 solt

127 1987 176 2067 vi,
202 1986 369 2059 invalescet
386 1986 488 2083 magis
500 1984 548 2056 vis
570 1986 713 2081 primarii
731 1987 910 2068 arnadiva,
942 1995 981 2061 δι
996 2004 1106 2060 coatia·

126 2078 224 2155 hetur
240 2083 376 2181 orbita.N
405 2086 601 2153 Unaautem
614 2107 689 2154 cum
710 2083 815 2154 orbita
832 2082 968 2158 dilatata
989 2084 1108 2184 augebi-

126 2199 261 2254 turtem
332 2178 715 2274 Satellitisperiodicum:
741 2187 776 2251 &
789 2202 851 2252 una
864 2206 943 2254 cum
956 2182 1107 2255 contra&

125 2275 233 2348 orbita
271 2276 279 2291 ⁶
318 2277 325 2290 ’
348 2281 446 2349 uetur
455 2295 580 2375 tempus
593 2274 820 2373 periodicumt
845 2299 947 2372 atque
961 2283 1006 2352 ita
1018 2298 1107 2374 quot·

129 2374 215 2445 annis
235 2395 344 2446 motus
367 2373 515 2445 Satellitis
539 2373 664 2446 medius
680 2377 741 2446 erit
758 2373 861 2465 major
878 2382 915 2446 &-
934 2380 1045 2448 minor

129 2472 217 2641 vileid
222 2495 234 2553 3
230 2473 342 2642 bgpdin
354 2468 513 2543 mediocri
527 2472 546 2542 a
560 2474 632 2544 Sole
646 2469 794 2545 distantia
814 2473 878 2544 sola
894 2496 974 2546 vere
993 2398 1107 2547 medd

129 2587 147 2641 e
181 2602 184 2609 ·
213 2593 230 2640 a
316 2594 364 2642 us.

180 2671 376 2740 corollarium
397 2666 471 2756 (ι.)
492 2669 583 2739 Hinc
599 2668 845 2762 inequalitatem
864 2667 954 2740 illam
973 2671 1006 2742 in
1025 2687 1106 2741 mm

133 2766 256 2840 Luturi
279 2772 412 2839 annuam
435 2789 510 2859 quae
526 2764 669 2838 med-ium
684 2765 751 2856 ejus
767 2787 895 2838 motum
915 2765 1039 2863 spasiat
1056 2765 1105 2836 sol-

132 2860 207 2935 vere
226 2864 361 2936 licebit:
388 2887 452 2956 qua
467 2887 579 2962 nempe
598 2882 704 2935 motus
725 2869 825 2935 Lunae
844 2860 975 2937 medius
990 2858 1106 2935 excelsu

132 2962 168 3029 &
186 2958 319 3033 desediu
347 2958 496 3032 12'.sere
520 2982 646 3033 motum
666 2985 740 3032 vere
752 2958 901 3041 ‚medium
918 2960 1064 3041 excedit,
1079 2965 1105 3029 &

133 3055 174 3128 ab
186 3054 300 3128 eodem
311 3056 425 3128 deficit
440 3078 495 3153 per
514 3059 623 3128 vices:
650 3056 778 3130 excedit
797 3062 908 3154 nem'pe
930 3062 963 3130 in
985 3054 1104 3131 uansrtu

131 3153 253 3226 telluris
270 3153 309 3224 ab
326 3151 430 3252 apside
443 3150 562 3226 summa
581 3152 621 3227 ad
633 3153 812 3228 distantiam
824 3153 1043 3238 mediocrema
1060 3152 1105 3226 dt·

135 3251 209 3326 ficit
226 3251 245 3322 Ξ
264 3246 410 3325 distantia
427 3249 584 3324 mediocri
596 3251 635 3326 ad
653 3249 792 3349 apsidem
808 3254 925 3324 imame
954 3259 988 3324 δε
1003 3255 1106 3325 iterum

134 3349 249 3423 deficit
270 3349 309 3421 ab
328 3346 433 3448 apside
459 3350 523 3421 ima
542 3348 582 3422 ad
600 3351 795 3423 mediocrem
818 3349 1027 3434 distantiam3
1054 3349 1107 3422 &l

135 3446 294 3521 mediocri
310 3445 456 3521 distantia
470 3445 510 3518 ad
527 3444 665 3544 apsidem
676 3448 828 3521 summam
843 3446 975 3522 excedit
988 3449 1107 3521 iterim.

136 3549 251 3642 Atque
262 3544 560 3644 itainpetpetuum.
610 3553 728 3640 Neque
741 3548 831 3619 aliter
841 3546 884 3618 de
895 3545 1110 3639 Circumjovi·

140 3644 241 3717 alibus
260 3649 294 3715 dc
303 3640 589 3718 ‘Circumsaturniis
606 3644 653 3717 est
667 3646 700 3716 in
713 3645 764 3717 sua
775 3646 983 3742 Propurtimte
997 3642 1111 3717 censes·

136 3735 230 3823 dum.
278 3748 471 3836 Quanquam
487 3737 764 3837 haecinaequalitas
780 3749 814 3814 δι
831 3745 964 3836 reliqua
982 3741 1113 3815 etiamiu

117 3882 120 3887 ·
138 3831 208 3923 illis
222 3842 351 3931 teatina
365 3843 441 3944 int
450 3839 588 3935 ubique,
610 3840 864 3941 ursereneglipi
874 3839 1027 3917 debeant.
1079 3935 1117 4010 aa
