2484 4366
251 240 327 308 ΡΗ
332 237 946 341 raico-MATHEMATIM.
1037 259 1106 342 245

177 376 273 448 coros.
295 373 365 461 (6.)
390 371 528 445 Proinde
552 377 679 470 Corpus
697 369 789 465 quod
807 370 954 470 specifice
971 377 1102 470 gravius

120 468 170 549 est
184 495 277 567 quarn
292 469 433 542 fluidum
450 469 510 543 fibi
529 473 720 569 contiguum
741 467 930 553 subsrdebit;
958 478 990 541 δι
1009 470 1102 566 quod

119 566 265 666 specifice
281 569 383 645 levius
399 565 445 642 est
459 567 613 650 ascendet,
635 589 827 661 motumque
847 576 881 639 &
895 566 1007 665 figura
1025 596 1102 644 mu·
1125 595 1128 599 ·

117 667 273 745 tationem
293 665 512 760 consequetur,
536 686 691 760 quantum
707 662 847 737 excessus
867 666 919 738 ille
937 667 989 739 vel
1007 665 1100 740 defe-

115 763 191 834 &tus
215 764 378 860 gravitatis
404 760 530 838 efficere
549 760 655 860 poffit.
706 768 793 840 Nam
816 759 957 836 excelsus
976 764 1028 835 ille
1046 768 1100 840 vel

111 857 263 941 defedlus
277 860 429 933 rationem
447 857 542 932 habet
554 858 717 956 impulsus,
739 884 808 953 quo
825 885 950 960 corpus,
974 862 1046 934 alias
1066 864 1100 937 in

112 955 299 1050 aequilibrio
324 982 401 1030 curn
424 955 520 1030 fluidi
540 957 679 1054 partibus
697 954 919 1039 constitutum,
943 979 1078 1055 urgetur
1084 986 1098 1043 ς

119 1060 156 1124 &
176 1055 345 1152 comparari
364 1053 468 1152 potest
489 1080 566 1127 curn
582 1049 708 1129 excessu
732 1056 783 1128 vel
801 1051 933 1131 defeetu
951 1054 1099 1154 ponderis

119 1150 406 1225 inlancealterutra
423 1153 525 1224 librae.
1042 1170 1044 1174 ·

173 1251 271 1318 Coroll.
289 1252 356 1345 (7.)
373 1252 557 1345 Corporum
572 1248 672 1347 igitur
684 1248 716 1318 in
729 1245 837 1320 fluidis
850 1244 1099 1323 constitutorum

117 1336 239 1440 duplex
254 1341 301 1415 est
318 1347 472 1443 gravitas:
498 1347 591 1418 altera
608 1371 681 1418 vera
698 1348 731 1414 δι
747 1343 897 1438 abstrdam
930 1344 1025 1415 altera
1042 1367 1097 1440 ap·

114 1462 238 1537 parens,
252 1441 400 1540 vulgaris,
413 1449 666 1540 &conparativa
691 1442 839 1513 Gravitas
849 1426 980 1537 aspidem
993 1437 1040 1510 est
1051 1441 1101 1513 vis

116 1557 187 1609 tota
201 1562 264 1631 qua
274 1562 388 1637 corpus
404 1537 549 1611 deorsum
565 1537 679 1619 tendit,
705 1535 770 1609 five
781 1564 845 1633 qua
860 1561 973 1634 corpus
987 1538 1101 1611 inloco

118 1658 227 1707 vacuo
250 1633 462 1708 descenderet.
513 1638 663 1715 Gravitas
686 1637 813 1707 relativa
837 1641 870 1707 dc
895 1637 952 1709 vul
1008 1637 1033 1707 is
1053 1632 1100 1709 est

116 1727 261 1807 excessus
284 1735 446 1831 gravitatis
468 1759 534 1827 qua
557 1758 673 1830 corpus
696 1734 796 1831 magis
821 1730 924 1804 tendit
950 1661 1100 1809 delusum

118 1851 218 1920 quam
236 1827 375 1905 fluidum
389 1831 536 1906 ambiens.
586 1831 704 1901 Prioris
719 1831 839 1940 generis
858 1830 1011 1926 gravitate
1028 1851 1099 1924 par·

120 1945 171 2002 tes
191 1923 367 2003 fluidorum
389 1933 421 1998 &
448 1952 617 2024 corporum
641 1951 787 2001 onrnrum
804 1928 962 2024 gravitant
979 1925 1102 2001 inlocis

121 2022 198 2100 suis,
208 2020 346 2117 ideoque
364 2023 539 2115 conjuretis
551 2021 743 2121 ponderibus
760 2044 955 2120 componunt
975 2020 1101 2120 pondus

123 2119 233 2195 totius,
290 2124 377 2197 Nam
404 2141 511 2198 totum
533 2142 626 2192 omne
647 2145 743 2218 grave
762 2117 820 2199 est,
846 2141 883 2192 ut
905 2120 937 2190 in
962 2117 1041 2191 vasrs
1060 2119 1102 2190 li..

121 2239 263 2308 quorum
262 2217 375 2384 plenis
389 2219 526 2316 experiri
545 2219 636 2295 licet:
662 2224 697 2287 ec
716 2215 840 2316 pondus
861 2219 961 2293 totius
984 2218 1125 2310 equalex

119 2310 168 2390 est
199 2336 261 2410 pon
285 2313 389 2388 eribus
413 2317 559 2389 omnium
580 2316 736 2413 partium,
770 2311 908 2408 ideoque
927 2339 968 2388 ex
991 2312 1103 2392 iisdem

121 2411 344 2506 componitur3
369 2410 495 2483 aliunde
515 2415 598 2484 eninr
619 2410 754 2485 derivari
772 2435 834 2482 non
852 2408 968 2509 potest.
1008 2415 1104 2483 Alte·

120 2509 186 2579 rius
197 2509 317 2605 generis
334 2510 505 2604 gravitate,
530 2532 726 2605 quaenenrpe
744 2532 897 2606 apparens,
922 2507 1103 2604 vulgaris&

119 2612 324 2701 comparativa
340 2606 485 2702 appellari
505 2603 620 2701 potest,
646 2631 777 2702 corpora
800 2602 871 2677 non
888 2606 1046 2701 gravitant
1070 2605 1102 2680 in

121 2703 257 2799 propriis
275 2702 365 2781 locis,
390 2702 443 2774 seu
458 2704 490 2778 in
503 2702 610 2777 fluidis
621 2703 680 2774 suis
692 2702 863 2800 respedlive
884 2702 1028 2772 immersa
1034 2729 1045 2782 3
1068 2698 1104 2776 id

122 2795 181 2878 est,
208 2797 331 2875 interse
349 2800 460 2878 collata
478 2823 539 2873 nnn
554 2821 752 2898 pregravant,
777 2797 831 2869 sed
850 2819 979 2874 mutuos
992 2795 1032 2870 ad
1045 2795 1103 2868 de·

120 2892 334 2968 scendendunr
349 2918 478 2968 conatus
492 2894 695 2993 impedientia
710 2916 891 2993 permanent
903 2896 936 2970 in
944 2895 1020 2967 locis
1032 2894 1105 2974 suit,

118 2989 250 3092 perinde
271 3016 306 3062 ac
331 2989 481 3090 sagravia
510 2985 572 3070 non
598 2991 695 3065 essent
711 3021 724 3063 a.
748 2994 797 3066 uti
822 3016 956 3089 corpora
980 2994 1105 3089 quavis

119 3090 232 3188 gravia
252 3090 332 3161 intra
358 3087 506 3186 sphaeram
534 3114 705 3168 concavam
733 3087 835 3185 posrta
865 3114 906 3162 ex
928 3091 1134 3182 equalitate,

119 3186 339 3284 gravitationis
355 3185 497 3282 undique
514 3187 638 3257 versum
656 3187 745 3266 nullo
763 3185 864 3263 modo
879 3189 1035 3285 gravitate
1056 3187 1108 3256 vi-

121 3280 250 3362 dentur,
282 3283 332 3358 uti
358 3284 437 3357 olim
458 3283 669 3356 observatum.
723 3284 776 3356 sic
801 3284 875 3354 sane
896 3307 970 3375 quae
989 3284 1020 3353 in
1040 3306 1112 3357 aere

123 3378 217 3467 sunt,⁸
236 3387 269 3450 &
292 3404 353 3461 non
374 3402 577 3479 pregravann
604 3379 669 3452 five
687 3403 750 3451 non
771 3382 902 3456 omnino
920 3380 950 3449 in
970 3404 1037 3456 aere
1051 3375 1108 3449 de-

119 3472 288 3556 scendunt,
313 3478 363 3549 uti
382 3479 527 3549 nubes&
540 3501 683 3574 vapores,
708 3478 825 3572 vulgus
837 3475 979 3566 ¹subinde
1000 3477 1108 3572 gravia

119 3599 189 3656 non
201 3571 337 3662 judicat.
363 3580 447 3663 Quae
460 3595 667 3670 praegravant,
694 3571 758 3644 srve
773 3575 805 3644 in
820 3597 887 3645 aere
902 3569 1109 3653 descendunt,
1132 3631 1135 3636 .

122 3673 177 3748 uti
194 3669 329 3767 grande,
355 3675 389 3738 &
400 3692 501 3768 gutta
514 3674 645 3770 pluvia,
670 3696 704 3744 ea
717 3670 833 3766 vulgus
845 3671 952 3767 gravia
966 3667 1108 3757 judicata

122 3787 278 3859 quatenus
285 3769 324 3839 ab
333 3768 406 3841 aeris
419 3765 557 3865 pondere
568 3793 631 3841 non
643 3765 842 3844 sustinentur.
860 3764 1001 3843 Pondera
1017 3768 1110 3866 vulgi

116 3859 204 3950 urhis
221 3863 308 3953 aliud
323 3863 394 3950 suut,
415 3890 513 3971 quant
531 3861 842 4040 excessusRveroturn
862 3860 1040 3968 ponderum
1055 3863 1107 3942 sue

739 3986 754 4068 3
1060 3981 1113 4064 Ρω
