<?xml version="1.0" encoding="UTF-8"?>
<!DOCTYPE html PUBLIC "-//W3C//DTD XHTML 1.0 Transitional//EN"
    "http://www.w3.org/TR/xhtml1/DTD/xhtml1-transitional.dtd">
<html xmlns="http://www.w3.org/1999/xhtml" xml:lang="en" lang="en">
 <head>
  <title>
</title>
<meta http-equiv="Content-Type" content="text/html;charset=utf-8" />
  <meta name='ocr-system' content='tesseract 3.04.00' />
  <meta name='ocr-capabilities' content='ocr_page ocr_carea ocr_par ocr_line ocrx_word'/>
</head>
<body>
  <div class='ocr_page' id='page_1' title='image "./praelectionesph01whisgoog/praelectionesph01whisgoog_0315.png"; bbox 0 0 2452 4366; ppageno 0'>
   <div class='ocr_carea' id='block_1_1' title="bbox 119 169 876 288">
    <p class='ocr_par' dir='ltr' id='par_1_1' title="bbox 119 169 876 288">
     <span class='ocr_line' id='line_1_1' title="bbox 119 169 876 288; baseline -0.001 -49"><span class='ocrx_word' id='word_1_1' title='bbox 119 211 188 288; x_wconf 81' lang='lat'>302</span> <span class='ocrx_word' id='word_1_2' title='bbox 398 169 876 248; x_wconf 64' lang='lat' dir='ltr'>rroerrcrronrrs·</span> 
     </span>
    </p>
   </div>
   <div class='ocr_carea' id='block_1_2' title="bbox 115 302 1124 1094">
    <p class='ocr_par' dir='ltr' id='par_1_2' title="bbox 115 302 1124 1094">
     <span class='ocr_line' id='line_1_2' title="bbox 118 302 1123 403; baseline -0.001 -18"><span class='ocrx_word' id='word_1_3' title='bbox 118 324 224 396; x_wconf 64' lang='lat' dir='ltr'>‚itero</span> <span class='ocrx_word' id='word_1_4' title='bbox 241 330 334 384; x_wconf 87' lang='lat' dir='ltr'>crtue</span> <span class='ocrx_word' id='word_1_5' title='bbox 358 302 523 379; x_wconf 84' lang='lat' dir='ltr'>sustinebit</span> <span class='ocrx_word' id='word_1_6' title='bbox 542 322 641 400; x_wconf 86' lang='lat' dir='ltr'>partes</span> <span class='ocrx_word' id='word_1_7' title='bbox 660 303 812 403; x_wconf 83' lang='lat' dir='ltr'>reliquas.</span> <span class='ocrx_word' id='word_1_8' title='bbox 861 306 929 380; x_wconf 86' lang='lat' dir='ltr'>Res</span> <span class='ocrx_word' id='word_1_9' title='bbox 945 305 1034 381; x_wconf 89' lang='lat' dir='ltr'>enim</span> <span class='ocrx_word' id='word_1_10' title='bbox 1048 333 1123 385; x_wconf 88' lang='lat' dir='ltr'>vera</span> 
     </span>
     <span class='ocr_line' id='line_1_3' title="bbox 117 399 1124 491; baseline -0.004 -6"><span class='ocrx_word' id='word_1_11' title='bbox 117 416 169 491; x_wconf 74' lang='lat' dir='ltr'>est</span> <span class='ocrx_word' id='word_1_12' title='bbox 181 435 246 485; x_wconf 85' lang='lat' dir='ltr'>uon</span> <span class='ocrx_word' id='word_1_13' title='bbox 266 427 391 479; x_wconf 87' lang='lat' dir='ltr'>tanturn</span> <span class='ocrx_word' id='word_1_14' title='bbox 412 406 447 476; x_wconf 91' lang='lat' dir='ltr'>in</span> <span class='ocrx_word' id='word_1_15' title='bbox 472 400 509 475; x_wconf 90' lang='lat' dir='ltr'>su</span> <span class='ocrx_word' id='word_1_16' title='bbox 547 399 638 475; x_wconf 84' lang='lat' dir='ltr'>rficie</span> <span class='ocrx_word' id='word_1_17' title='bbox 659 403 813 480; x_wconf 78' lang='lat' dir='ltr'><strong>Telluris,</strong></span> <span class='ocrx_word' id='word_1_18' title='bbox 840 399 893 475; x_wconf 88' lang='lat' dir='ltr'>sed</span> <span class='ocrx_word' id='word_1_19' title='bbox 917 404 1124 481; x_wconf 84' lang='lat' dir='ltr'>inomnibus</span> 
     </span>
     <span class='ocr_line' id='line_1_4' title="bbox 119 499 1124 601; baseline -0.005 -18"><span class='ocrx_word' id='word_1_20' title='bbox 119 507 290 601; x_wconf 64' lang='lat' dir='ltr'>amomue</span> <span class='ocrx_word' id='word_1_21' title='bbox 308 504 408 576; x_wconf 84' lang='lat' dir='ltr'>cmris</span> <span class='ocrx_word' id='word_1_22' title='bbox 428 503 508 598; x_wconf 80' lang='lat' dir='ltr'>parti</span> <span class='ocrx_word' id='word_1_23' title='bbox 569 546 580 580; x_wconf 79' lang='lat'>‚</span> <span class='ocrx_word' id='word_1_24' title='bbox 605 521 735 596; x_wconf 85' lang='lat' dir='ltr'>propter</span> <span class='ocrx_word' id='word_1_25' title='bbox 757 501 827 573; x_wconf 89' lang='lat' dir='ltr'>vim</span> <span class='ocrx_word' id='word_1_26' title='bbox 847 499 1062 600; x_wconf 83' lang='lat' dir='ltr'>centrisugam</span> <span class='ocrx_word' id='word_1_27' title='bbox 1087 515 1124 578; x_wconf 86' lang='lat'>&amp;</span> 
     </span>
     <span class='ocr_line' id='line_1_5' title="bbox 117 595 1121 711; baseline -0.003 -34"><span class='ocrx_word' id='word_1_28' title='bbox 117 611 309 711; x_wconf 77' lang='lat' dir='ltr'>gravitatem</span> <span class='ocrx_word' id='word_1_29' title='bbox 329 601 469 699; x_wconf 83' lang='lat' dir='ltr'>partium</span> <span class='ocrx_word' id='word_1_30' title='bbox 495 597 686 670; x_wconf 88' lang='lat' dir='ltr'>inferiorum</span> <span class='ocrx_word' id='word_1_31' title='bbox 709 595 887 674; x_wconf 88' lang='lat' dir='ltr'>secundum</span> <span class='ocrx_word' id='word_1_32' title='bbox 913 595 1072 674; x_wconf 75' lang='lat' dir='ltr'>diilantias</span> <span class='ocrx_word' id='word_1_33' title='bbox 1099 604 1121 674; x_wconf 72' lang='lat' dir='ltr'>d</span> 
     </span>
     <span class='ocr_line' id='line_1_6' title="bbox 116 691 1118 811; baseline 0.001 -41"><span class='ocrx_word' id='word_1_34' title='bbox 116 727 230 781; x_wconf 62' lang='grc' dir='ltr'>(ωηο</span> <span class='ocrx_word' id='word_1_35' title='bbox 250 698 500 811; x_wconf 82' lang='lat' dir='ltr'>proportionales</span> <span class='ocrx_word' id='word_1_36' title='bbox 523 696 648 793; x_wconf 69' lang='lat' dir='ltr'>ubique</span> <span class='ocrx_word' id='word_1_37' title='bbox 672 717 826 807; x_wconf 74' lang='lat' dir='ltr'>acceptas,</span> <span class='ocrx_word' id='word_1_38' title='bbox 858 691 1118 795; x_wconf 83' lang='lat' dir='ltr'>eademsemper</span> 
     </span>
     <span class='ocr_line' id='line_1_7' title="bbox 115 790 1117 996; baseline 0.002 -21"><span class='ocrx_word' id='word_1_39' title='bbox 115 790 531 975; x_wconf 42' lang='lat' dir='ltr'>missilis</span> <span class='ocrx_word' id='word_1_40' title='bbox 549 813 699 964; x_wconf 55' lang='lat' dir='ltr'>asiis</span> <span class='ocrx_word' id='word_1_41' title='bbox 710 791 1117 996; x_wconf 43' lang='lat' dir='ltr'>insilistis&amp;</span> 
     </span>
     <span class='ocr_line' id='line_1_8' title="bbox 119 989 1117 1094; baseline 0.003 -32"><span class='ocrx_word' id='word_1_42' title='bbox 119 997 161 1072; x_wconf 59' lang='lat' dir='ltr'>‚d</span> <span class='ocrx_word' id='word_1_43' title='bbox 176 992 413 1094; x_wconf 79' lang='lat' dir='ltr'>gravitatemin</span> <span class='ocrx_word' id='word_1_44' title='bbox 432 992 507 1062; x_wconf 91' lang='lat' dir='ltr'>loco</span> <span class='ocrx_word' id='word_1_45' title='bbox 531 994 572 1059; x_wconf 89' lang='lat' dir='ltr'><em>A</em></span> <span class='ocrx_word' id='word_1_46' title='bbox 591 992 623 1061; x_wconf 86' lang='lat' dir='ltr'>in</span> <span class='ocrx_word' id='word_1_47' title='bbox 647 994 806 1071; x_wconf 77' lang='lat' dir='ltr'>Terram·</span> <span class='ocrx_word' id='word_1_48' title='bbox 824 1009 862 1066; x_wconf 87' lang='lat' dir='ltr'>ut</span> <span class='ocrx_word' id='word_1_49' title='bbox 879 1011 941 1080; x_wconf 73' lang='lat'>591</span> <span class='ocrx_word' id='word_1_50' title='bbox 965 989 1008 1065; x_wconf 88' lang='lat' dir='ltr'>ad</span> <span class='ocrx_word' id='word_1_51' title='bbox 1034 1014 1117 1084; x_wconf 79' lang='lat'><em>5003</em></span> 
     </span>
    </p>
   </div>
   <div class='ocr_carea' id='block_1_3' title="bbox 119 1112 1120 1397">
    <p class='ocr_par' dir='ltr' id='par_1_3' title="bbox 119 1112 1120 1397">
     <span class='ocr_line' id='line_1_9' title="bbox 119 1112 1120 1282; baseline -0.006 -60"><span class='ocrx_word' id='word_1_52' title='bbox 119 1147 225 1239; x_wconf 68' lang='lat' dir='ltr'>&amp;vis</span> <span class='ocrx_word' id='word_1_53' title='bbox 244 1140 427 1242; x_wconf 81' lang='lat' dir='ltr'>centrisuga</span> <span class='ocrx_word' id='word_1_54' title='bbox 453 1112 524 1282; x_wconf 46' lang='grc' dir='ltr'>ἦξε</span> <span class='ocrx_word' id='word_1_55' title='bbox 547 1136 669 1219; x_wconf 82' lang='lat' dir='ltr'>efficiet</span> <span class='ocrx_word' id='word_1_56' title='bbox 683 1162 721 1213; x_wconf 92' lang='lat' dir='ltr'>ut</span> <span class='ocrx_word' id='word_1_57' title='bbox 733 1139 909 1229; x_wconf 73' lang='lat' dir='ltr'>altitudinis</span> <span class='ocrx_word' id='word_1_58' title='bbox 921 1121 1120 1228; x_wconf 81' lang='lat' dir='ltr'>excelsusin</span> 
     </span>
     <span class='ocr_line' id='line_1_10' title="bbox 120 1291 1118 1397; baseline 0.003 -30"><span class='ocrx_word' id='word_1_59' title='bbox 120 1319 214 1374; x_wconf 75' lang='lat' dir='ltr'>nme</span> <span class='ocrx_word' id='word_1_60' title='bbox 228 1302 348 1368; x_wconf 67' lang='grc' dir='ltr'>Δία</span> <span class='ocrx_word' id='word_1_61' title='bbox 371 1291 412 1366; x_wconf 86' lang='lat' dir='ltr'>fit</span> <span class='ocrx_word' id='word_1_62' title='bbox 424 1291 601 1378; x_wconf 84' lang='lat' dir='ltr'>altitudinis</span> <span class='ocrx_word' id='word_1_63' title='bbox 618 1295 650 1364; x_wconf 91' lang='lat' dir='ltr'>in</span> <span class='ocrx_word' id='word_1_64' title='bbox 671 1317 764 1364; x_wconf 90' lang='lat' dir='ltr'>crure</span> <span class='ocrx_word' id='word_1_65' title='bbox 785 1295 884 1366; x_wconf 87' lang='lat' dir='ltr'>altero</span> <span class='ocrx_word' id='word_1_66' title='bbox 903 1302 1024 1397; x_wconf 54' lang='lat' dir='ltr'>2ch</span> <span class='ocrx_word' id='word_1_67' title='bbox 1048 1319 1118 1397; x_wconf 89' lang='lat' dir='ltr'>pars</span> 
     </span>
    </p>
   </div>
   <div class='ocr_carea' id='block_1_4' title="bbox 120 1418 1112 1597">
    <p class='ocr_par' dir='ltr' id='par_1_4' title="bbox 120 1418 1112 1597">
     <span class='ocr_line' id='line_1_11' title="bbox 120 1418 1112 1597; baseline 0.012 -85"><span class='ocrx_word' id='word_1_68' title='bbox 120 1418 333 1597; x_wconf 40' lang='grc' dir='ltr'>ἑξεῖ-ὲ.</span> <span class='ocrx_word' id='word_1_69' title='bbox 348 1442 597 1525; x_wconf 83' lang='lat' dir='ltr'>streinTellute</span> <span class='ocrx_word' id='word_1_70' title='bbox 610 1444 715 1522; x_wconf 84' lang='lat' dir='ltr'>nostra</span> <span class='ocrx_word' id='word_1_71' title='bbox 726 1468 763 1550; x_wconf 81' lang='lat' dir='ltr'>ut</span> <span class='ocrx_word' id='word_1_72' title='bbox 778 1445 1010 1528; x_wconf 70' lang='lat' dir='ltr'>semidiametri</span> <span class='ocrx_word' id='word_1_73' title='bbox 1024 1454 1112 1524; x_wconf 87' lang='lat' dir='ltr'>Ter-</span> 
     </span>
    </p>
   </div>
   <div class='ocr_carea' id='block_1_5' title="bbox 119 1585 1116 1796">
    <p class='ocr_par' dir='ltr' id='par_1_5' title="bbox 119 1585 1116 1796">
     <span class='ocr_line' id='line_1_12' title="bbox 120 1585 1115 1692; baseline -0.001 -15"><span class='ocrx_word' id='word_1_74' title='bbox 120 1629 166 1677; x_wconf 77' lang='lat' dir='ltr'>ra</span> <span class='ocrx_word' id='word_1_75' title='bbox 179 1598 355 1673; x_wconf 83' lang='lat' dir='ltr'>secturdum</span> <span class='ocrx_word' id='word_1_76' title='bbox 368 1619 579 1692; x_wconf 72' lang='lat' dir='ltr'>aquatorem</span> <span class='ocrx_word' id='word_1_77' title='bbox 603 1596 746 1692; x_wconf 88' lang='lat' dir='ltr'>ejusdem</span> <span class='ocrx_word' id='word_1_78' title='bbox 756 1585 926 1673; x_wconf 83' lang='lat' dir='ltr'>semiaxem</span> <span class='ocrx_word' id='word_1_79' title='bbox 939 1599 1006 1676; x_wconf 86' lang='lat' dir='ltr'>srve</span> <span class='ocrx_word' id='word_1_80' title='bbox 1023 1604 1115 1676; x_wconf 60' lang='lat' dir='ltr'>semia</span> 
     </span>
     <span class='ocr_line' id='line_1_13' title="bbox 119 1696 1116 1796; baseline -0.012 -24"><span class='ocrx_word' id='word_1_81' title='bbox 119 1699 315 1781; x_wconf 79' lang='lat' dir='ltr'>diametrum</span> <span class='ocrx_word' id='word_1_82' title='bbox 327 1722 384 1794; x_wconf 91' lang='lat' dir='ltr'>per</span> <span class='ocrx_word' id='word_1_83' title='bbox 390 1699 507 1768; x_wconf 89' lang='lat' dir='ltr'>Polum</span> <span class='ocrx_word' id='word_1_84' title='bbox 515 1719 670 1796; x_wconf 82' lang='lat' dir='ltr'>exuperet</span> <span class='ocrx_word' id='word_1_85' title='bbox 680 1696 868 1791; x_wconf 66' lang='lat' dir='ltr'>milliaribus</span> <span class='ocrx_word' id='word_1_86' title='bbox 881 1723 935 1796; x_wconf 83' lang='lat' dir='ltr'>r7.</span> <span class='ocrx_word' id='word_1_87' title='bbox 964 1703 1052 1774; x_wconf 73' lang='lat' dir='ltr'>Haec</span> <span class='ocrx_word' id='word_1_88' title='bbox 1065 1704 1116 1783; x_wconf 71' lang='lat' dir='ltr'>in.</span> 
     </span>
    </p>
   </div>
   <div class='ocr_carea' id='block_1_6' title="bbox 121 1791 1116 1968">
    <p class='ocr_par' dir='ltr' id='par_1_6' title="bbox 121 1791 1116 1968">
     <span class='ocr_line' id='line_1_14' title="bbox 121 1791 1116 1968; baseline -0.015 -97"><span class='ocrx_word' id='word_1_89' title='bbox 121 1823 221 1968; x_wconf 42' lang='grc' dir='ltr'>ἓξ</span> <span class='ocrx_word' id='word_1_90' title='bbox 236 1800 281 1869; x_wconf 89' lang='lat' dir='ltr'>ita</span> <span class='ocrx_word' id='word_1_91' title='bbox 296 1795 325 1867; x_wconf 91' lang='lat' dir='ltr'>se</span> <span class='ocrx_word' id='word_1_92' title='bbox 339 1793 504 1867; x_wconf 83' lang='lat' dir='ltr'>habebunt</span> <span class='ocrx_word' id='word_1_93' title='bbox 513 1821 555 1868; x_wconf 84' lang='lat' dir='ltr'>ex</span> <span class='ocrx_word' id='word_1_94' title='bbox 567 1791 741 1894; x_wconf 88' lang='lat' dir='ltr'>hypothesi</span> <span class='ocrx_word' id='word_1_95' title='bbox 756 1792 848 1889; x_wconf 88' lang='lat' dir='ltr'>quod</span> <span class='ocrx_word' id='word_1_96' title='bbox 868 1801 969 1895; x_wconf 75' lang='lat' dir='ltr'>Terra</span> <span class='ocrx_word' id='word_1_97' title='bbox 983 1822 1025 1870; x_wconf 77' lang='lat' dir='ltr'>ex</span> <span class='ocrx_word' id='word_1_98' title='bbox 1044 1803 1116 1886; x_wconf 67' lang='lat' dir='ltr'>uni.</span> 
     </span>
    </p>
   </div>
   <div class='ocr_carea' id='block_1_7' title="bbox 107 1890 1117 4026">
    <p class='ocr_par' dir='ltr' id='par_1_7' title="bbox 116 1890 1117 2558">
     <span class='ocr_line' id='line_1_15' title="bbox 214 1890 1117 1987; baseline 0.001 -18"><span class='ocrx_word' id='word_1_99' title='bbox 214 1925 225 1969; x_wconf 89' lang='lat' dir='ltr'>r</span> <span class='ocrx_word' id='word_1_100' title='bbox 246 1894 376 1966; x_wconf 86' lang='lat' dir='ltr'>materia</span> <span class='ocrx_word' id='word_1_101' title='bbox 401 1890 535 1964; x_wconf 85' lang='lat' dir='ltr'>constet.</span> <span class='ocrx_word' id='word_1_102' title='bbox 586 1901 674 1967; x_wconf 90' lang='lat' dir='ltr'>Nam</span> <span class='ocrx_word' id='word_1_103' title='bbox 702 1890 726 1965; x_wconf 89' lang='lat' dir='ltr'>st</span> <span class='ocrx_word' id='word_1_104' title='bbox 749 1895 877 1965; x_wconf 85' lang='lat' dir='ltr'>materia</span> <span class='ocrx_word' id='word_1_105' title='bbox 904 1893 944 1985; x_wconf 87' lang='lat' dir='ltr'>ad</span> <span class='ocrx_word' id='word_1_106' title='bbox 970 1919 1117 1987; x_wconf 86' lang='lat' dir='ltr'>centrum</span> 
     </span>
     <span class='ocr_line' id='line_1_16' title="bbox 121 1987 1117 2094; baseline 0.001 -27"><span class='ocrx_word' id='word_1_107' title='bbox 121 1996 220 2094; x_wconf 84' lang='lat' dir='ltr'>paulo</span> <span class='ocrx_word' id='word_1_108' title='bbox 242 1989 370 2065; x_wconf 77' lang='lat' dir='ltr'>densior</span> <span class='ocrx_word' id='word_1_109' title='bbox 386 1987 438 2069; x_wconf 82' lang='lat' dir='ltr'>sit,</span> <span class='ocrx_word' id='word_1_110' title='bbox 471 1995 523 2063; x_wconf 91' lang='lat' dir='ltr'>uti</span> <span class='ocrx_word' id='word_1_111' title='bbox 541 2014 627 2063; x_wconf 88' lang='lat' dir='ltr'>certe</span> <span class='ocrx_word' id='word_1_112' title='bbox 648 1987 711 2062; x_wconf 85' lang='lat' dir='ltr'>effe</span> <span class='ocrx_word' id='word_1_113' title='bbox 733 1988 859 2072; x_wconf 88' lang='lat' dir='ltr'>debeat,</span> <span class='ocrx_word' id='word_1_114' title='bbox 884 2017 981 2086; x_wconf 88' lang='lat' dir='ltr'>quam</span> <span class='ocrx_word' id='word_1_115' title='bbox 1002 1994 1043 2067; x_wconf 90' lang='lat' dir='ltr'>ad</span> <span class='ocrx_word' id='word_1_116' title='bbox 1063 1997 1117 2068; x_wconf 82' lang='lat' dir='ltr'>su-</span> 
     </span>
     <span class='ocr_line' id='line_1_17' title="bbox 120 2084 1115 2195; baseline 0.002 -31"><span class='ocrx_word' id='word_1_117' title='bbox 120 2091 302 2195; x_wconf 77' lang='lat' dir='ltr'>perficiem,</span> <span class='ocrx_word' id='word_1_118' title='bbox 327 2084 468 2161; x_wconf 78' lang='lat' dir='ltr'>excelsus</span> <span class='ocrx_word' id='word_1_119' title='bbox 482 2088 658 2162; x_wconf 82' lang='lat' dir='ltr'>altitudinis</span> <span class='ocrx_word' id='word_1_120' title='bbox 672 2087 712 2160; x_wconf 92' lang='lat' dir='ltr'>ad</span> <span class='ocrx_word' id='word_1_121' title='bbox 726 2109 919 2182; x_wconf 79' lang='lat' dir='ltr'>aquatorem</span> <span class='ocrx_word' id='word_1_122' title='bbox 939 2093 1002 2163; x_wconf 92' lang='lat' dir='ltr'>erit</span> <span class='ocrx_word' id='word_1_123' title='bbox 1017 2096 1115 2190; x_wconf 88' lang='lat' dir='ltr'>paulo</span> 
     </span>
     <span class='ocr_line' id='line_1_18' title="bbox 118 2184 1111 2375; baseline 0 -15"><span class='ocrx_word' id='word_1_124' title='bbox 118 2184 523 2375; x_wconf 64' lang='lat' dir='ltr'>snrmssss</span> <span class='ocrx_word' id='word_1_125' title='bbox 532 2184 699 2364; x_wconf 68' lang='lat' dir='ltr'>utta</span> <span class='ocrx_word' id='word_1_126' title='bbox 712 2184 1111 2359; x_wconf 59' lang='lat' dir='ltr'>iussisses:</span> 
     </span>
     <span class='ocr_line' id='line_1_19' title="bbox 116 2310 1112 2558; baseline 0.003 -103"><span class='ocrx_word' id='word_1_127' title='bbox 116 2310 287 2558; x_wconf 54' lang='grc' dir='ltr'>ὲῖωιι,</span> <span class='ocrx_word' id='word_1_128' title='bbox 300 2384 439 2483; x_wconf 80' lang='lat' dir='ltr'>gravitas</span> <span class='ocrx_word' id='word_1_129' title='bbox 455 2384 487 2453; x_wconf 89' lang='lat' dir='ltr'>in</span> <span class='ocrx_word' id='word_1_130' title='bbox 504 2402 623 2454; x_wconf 88' lang='lat' dir='ltr'>terram</span> <span class='ocrx_word' id='word_1_131' title='bbox 644 2383 799 2475; x_wconf 89' lang='lat' dir='ltr'>reliquam</span> <span class='ocrx_word' id='word_1_132' title='bbox 812 2383 1016 2456; x_wconf 86' lang='lat' dir='ltr'>uniformiter</span> <span class='ocrx_word' id='word_1_133' title='bbox 1032 2383 1112 2458; x_wconf 89' lang='lat' dir='ltr'>den-</span> 
     </span>
    </p>

    <p class='ocr_par' dir='ltr' id='par_1_8' title="bbox 107 2477 1114 3855">
     <span class='ocr_line' id='line_1_20' title="bbox 170 2477 1113 2578; baseline 0.003 -24"><span class='ocrx_word' id='word_1_134' title='bbox 170 2480 175 2487; x_wconf 64' lang='grc'><strong><em>’</em></strong></span> <span class='ocrx_word' id='word_1_135' title='bbox 204 2483 268 2555; x_wconf 89' lang='lat' dir='ltr'>erit</span> <span class='ocrx_word' id='word_1_136' title='bbox 293 2482 455 2578; x_wconf 74' lang='lat' dir='ltr'>reciproce</span> <span class='ocrx_word' id='word_1_137' title='bbox 480 2501 519 2552; x_wconf 92' lang='lat' dir='ltr'>ut</span> <span class='ocrx_word' id='word_1_138' title='bbox 540 2477 688 2552; x_wconf 86' lang='lat' dir='ltr'>distantia</span> <span class='ocrx_word' id='word_1_139' title='bbox 710 2479 856 2577; x_wconf 91' lang='lat' dir='ltr'>ponderis</span> <span class='ocrx_word' id='word_1_140' title='bbox 875 2481 894 2551; x_wconf 73' lang='lat' dir='ltr'>i</span> <span class='ocrx_word' id='word_1_141' title='bbox 915 2503 1025 2555; x_wconf 88' lang='lat' dir='ltr'>centro</span> <span class='ocrx_word' id='word_1_142' title='bbox 1032 2509 1044 2565; x_wconf 91' lang='lat'>;</span> <span class='ocrx_word' id='word_1_143' title='bbox 1080 2487 1113 2556; x_wconf 90' lang='lat' dir='ltr'>in</span> 
     </span>
     <span class='ocr_line' id='line_1_21' title="bbox 115 2577 1114 2674; baseline 0 -19"><span class='ocrx_word' id='word_1_144' title='bbox 115 2582 280 2658; x_wconf 76' lang='lat' dir='ltr'>materiam</span> <span class='ocrx_word' id='word_1_145' title='bbox 294 2604 373 2651; x_wconf 78' lang='lat' dir='ltr'>tero</span> <span class='ocrx_word' id='word_1_146' title='bbox 384 2577 615 2650; x_wconf 78' lang='lat' dir='ltr'>redundantem</span> <span class='ocrx_word' id='word_1_147' title='bbox 630 2580 793 2674; x_wconf 86' lang='lat' dir='ltr'>reciproce</span> <span class='ocrx_word' id='word_1_148' title='bbox 807 2599 844 2650; x_wconf 92' lang='lat' dir='ltr'>ut</span> <span class='ocrx_word' id='word_1_149' title='bbox 854 2577 1049 2672; x_wconf 87' lang='lat' dir='ltr'>quadratum</span> <span class='ocrx_word' id='word_1_150' title='bbox 1061 2581 1114 2655; x_wconf 91' lang='lat' dir='ltr'>di-</span> 
     </span>
     <span class='ocr_line' id='line_1_22' title="bbox 116 2676 1113 2778; baseline -0.001 -24"><span class='ocrx_word' id='word_1_151' title='bbox 116 2676 272 2754; x_wconf 70' lang='lat' dir='ltr'>stantiti</span> <span class='ocrx_word' id='word_1_152' title='bbox 289 2679 421 2751; x_wconf 85' lang='lat' dir='ltr'>materia</span> <span class='ocrx_word' id='word_1_153' title='bbox 442 2677 494 2748; x_wconf 89' lang='lat' dir='ltr'>illa</span> <span class='ocrx_word' id='word_1_154' title='bbox 515 2701 614 2770; x_wconf 77' lang='lat' dir='ltr'>quarn</span> <span class='ocrx_word' id='word_1_155' title='bbox 634 2677 794 2775; x_wconf 85' lang='lat' dir='ltr'>proxime.</span> <span class='ocrx_word' id='word_1_156' title='bbox 845 2678 997 2749; x_wconf 87' lang='lat' dir='ltr'>Gravitas</span> <span class='ocrx_word' id='word_1_157' title='bbox 1011 2680 1113 2778; x_wconf 81' lang='lat' dir='ltr'>igitur</span> 
     </span>
     <span class='ocr_line' id='line_1_23' title="bbox 116 2773 1109 2876; baseline -0.003 -25"><span class='ocrx_word' id='word_1_158' title='bbox 116 2776 177 2852; x_wconf 86' lang='lat' dir='ltr'>sub</span> <span class='ocrx_word' id='word_1_159' title='bbox 190 2801 353 2876; x_wconf 72' lang='lat' dir='ltr'>aquatore</span> <span class='ocrx_word' id='word_1_160' title='bbox 372 2779 479 2866; x_wconf 83' lang='lat' dir='ltr'>minor</span> <span class='ocrx_word' id='word_1_161' title='bbox 501 2777 562 2848; x_wconf 88' lang='lat' dir='ltr'>erit</span> <span class='ocrx_word' id='word_1_162' title='bbox 588 2775 621 2846; x_wconf 93' lang='lat' dir='ltr'>in</span> <span class='ocrx_word' id='word_1_163' title='bbox 642 2775 807 2848; x_wconf 86' lang='lat' dir='ltr'>materiam</span> <span class='ocrx_word' id='word_1_164' title='bbox 822 2775 909 2845; x_wconf 84' lang='lat' dir='ltr'>illam</span> <span class='ocrx_word' id='word_1_165' title='bbox 930 2773 1109 2848; x_wconf 88' lang='lat' dir='ltr'>redundan-</span> 
     </span>
     <span class='ocr_line' id='line_1_24' title="bbox 114 2873 1107 2974; baseline -0.003 -27"><span class='ocrx_word' id='word_1_166' title='bbox 114 2894 294 2970; x_wconf 81' lang='lat' dir='ltr'>temquam</span> <span class='ocrx_word' id='word_1_167' title='bbox 306 2901 366 2974; x_wconf 91' lang='lat' dir='ltr'>pro</span> <span class='ocrx_word' id='word_1_168' title='bbox 384 2873 544 2972; x_wconf 83' lang='lat' dir='ltr'>superiore</span> <span class='ocrx_word' id='word_1_169' title='bbox 565 2895 739 2971; x_wconf 88' lang='lat' dir='ltr'>comput03</span> <span class='ocrx_word' id='word_1_170' title='bbox 768 2879 802 2942; x_wconf 74' lang='grc' dir='ltr'>δι</span> <span class='ocrx_word' id='word_1_171' title='bbox 823 2894 987 2970; x_wconf 87' lang='lat' dir='ltr'>propterea</span> <span class='ocrx_word' id='word_1_172' title='bbox 1009 2877 1107 2945; x_wconf 87' lang='lat' dir='ltr'>Terra</span> 
     </span>
     <span class='ocr_line' id='line_1_25' title="bbox 115 2969 1105 3071; baseline -0.004 -25"><span class='ocrx_word' id='word_1_173' title='bbox 115 2970 175 3049; x_wconf 73' lang='lat' dir='ltr'>ibi,</span> <span class='ocrx_word' id='word_1_174' title='bbox 200 2994 331 3071; x_wconf 72' lang='lat' dir='ltr'>propter</span> <span class='ocrx_word' id='word_1_175' title='bbox 348 2970 514 3044; x_wconf 68' lang='lat' dir='ltr'>desedum</span> <span class='ocrx_word' id='word_1_176' title='bbox 531 2972 710 3068; x_wconf 85' lang='lat' dir='ltr'>gravitatis,</span> <span class='ocrx_word' id='word_1_177' title='bbox 735 2970 832 3066; x_wconf 92' lang='lat' dir='ltr'>paulo</span> <span class='ocrx_word' id='word_1_178' title='bbox 852 2970 945 3043; x_wconf 83' lang='lat' dir='ltr'>altius</span> <span class='ocrx_word' id='word_1_179' title='bbox 965 2969 1105 3042; x_wconf 88' lang='lat' dir='ltr'>ascendet</span> 
     </span>
     <span class='ocr_line' id='line_1_26' title="bbox 113 3065 1106 3167; baseline -0.001 -25"><span class='ocrx_word' id='word_1_180' title='bbox 113 3091 213 3165; x_wconf 86' lang='lat' dir='ltr'>quarn</span> <span class='ocrx_word' id='word_1_181' title='bbox 228 3069 260 3140; x_wconf 92' lang='lat' dir='ltr'>in</span> <span class='ocrx_word' id='word_1_182' title='bbox 278 3067 531 3167; x_wconf 64' lang='lat' dir='ltr'>praecedentibus</span> <span class='ocrx_word' id='word_1_183' title='bbox 541 3065 588 3138; x_wconf 88' lang='lat' dir='ltr'>est</span> <span class='ocrx_word' id='word_1_184' title='bbox 603 3065 789 3139; x_wconf 88' lang='lat' dir='ltr'>definitum.</span> <span class='ocrx_word' id='word_1_185' title='bbox 836 3072 912 3167; x_wconf 86' lang='lat' dir='ltr'>Jam</span> <span class='ocrx_word' id='word_1_186' title='bbox 921 3093 999 3139; x_wconf 91' lang='lat' dir='ltr'>vero</span> <span class='ocrx_word' id='word_1_187' title='bbox 1014 3070 1106 3141; x_wconf 90' lang='lat' dir='ltr'>Galli</span> 
     </span>
     <span class='ocr_line' id='line_1_27' title="bbox 111 3162 1109 3262; baseline -0.004 -20"><span class='ocrx_word' id='word_1_188' title='bbox 111 3165 206 3242; x_wconf 54' lang='lat' dir='ltr'>fasir</span> <span class='ocrx_word' id='word_1_189' title='bbox 221 3166 450 3259; x_wconf 80' lang='lat' dir='ltr'>experimentis</span> <span class='ocrx_word' id='word_1_190' title='bbox 466 3169 654 3238; x_wconf 81' lang='lat' dir='ltr'>invenerunt</span> <span class='ocrx_word' id='word_1_191' title='bbox 668 3162 760 3259; x_wconf 91' lang='lat' dir='ltr'>quod</span> <span class='ocrx_word' id='word_1_192' title='bbox 776 3163 990 3262; x_wconf 88' lang='lat' dir='ltr'>pendulorum</span> <span class='ocrx_word' id='word_1_193' title='bbox 1001 3167 1109 3238; x_wconf 89' lang='lat' dir='ltr'>minu-</span> 
     </span>
     <span class='ocr_line' id='line_1_28' title="bbox 112 3260 1109 3360; baseline 0 -22"><span class='ocrx_word' id='word_1_194' title='bbox 112 3267 155 3339; x_wconf 79' lang='lat' dir='ltr'>tis</span> <span class='ocrx_word' id='word_1_195' title='bbox 169 3260 300 3350; x_wconf 64' lang='lat' dir='ltr'>lineolis</span> <span class='ocrx_word' id='word_1_196' title='bbox 321 3261 464 3336; x_wconf 67' lang='lat' dir='ltr'>secundis</span> <span class='ocrx_word' id='word_1_197' title='bbox 483 3264 695 3336; x_wconf 84' lang='lat' dir='ltr'>oscillautium</span> <span class='ocrx_word' id='word_1_198' title='bbox 717 3260 891 3360; x_wconf 85' lang='lat' dir='ltr'>longitudo</span> <span class='ocrx_word' id='word_1_199' title='bbox 912 3286 1109 3358; x_wconf 85' lang='lat' dir='ltr'>aequatorem</span> 
     </span>
     <span class='ocr_line' id='line_1_29' title="bbox 113 3342 1110 3459; baseline 0.004 -24"><span class='ocrx_word' id='word_1_200' title='bbox 113 3342 227 3435; x_wconf 67' lang='lat' dir='ltr'>tertiis</span> <span class='ocrx_word' id='word_1_201' title='bbox 236 3367 342 3437; x_wconf 92' lang='lat' dir='ltr'>minor</span> <span class='ocrx_word' id='word_1_202' title='bbox 356 3359 396 3434; x_wconf 89' lang='lat' dir='ltr'>stt</span> <span class='ocrx_word' id='word_1_203' title='bbox 406 3363 442 3434; x_wconf 73' lang='lat' dir='ltr'>el</span> <span class='ocrx_word' id='word_1_204' title='bbox 455 3360 561 3434; x_wconf 80' lang='lat' dir='ltr'>verius</span> <span class='ocrx_word' id='word_1_205' title='bbox 574 3365 664 3459; x_wconf 86' lang='lat' dir='ltr'>polos</span> <span class='ocrx_word' id='word_1_206' title='bbox 681 3363 715 3432; x_wconf 89' lang='lat' dir='ltr'>in</span> <span class='ocrx_word' id='word_1_207' title='bbox 732 3360 854 3451; x_wconf 82' lang='lat' dir='ltr'>majore</span> <span class='ocrx_word' id='word_1_208' title='bbox 870 3363 993 3437; x_wconf 87' lang='lat' dir='ltr'>ratione</span> <span class='ocrx_word' id='word_1_209' title='bbox 1008 3387 1110 3454; x_wconf 87' lang='lat' dir='ltr'>quam</span> 
     </span>
     <span class='ocr_line' id='line_1_30' title="bbox 111 3456 1111 3561; baseline 0.004 -30"><span class='ocrx_word' id='word_1_210' title='bbox 111 3460 253 3546; x_wconf 77' lang='lat' dir='ltr'>superior</span> <span class='ocrx_word' id='word_1_211' title='bbox 266 3461 408 3535; x_wconf 74' lang='lat' dir='ltr'>mitulus</span> <span class='ocrx_word' id='word_1_212' title='bbox 418 3456 569 3561; x_wconf 76' lang='lat' dir='ltr'>possrurt.</span> <span class='ocrx_word' id='word_1_213' title='bbox 618 3463 665 3531; x_wconf 83' lang='lat' dir='ltr'>Et</span> <span class='ocrx_word' id='word_1_214' title='bbox 678 3481 844 3556; x_wconf 87' lang='lat' dir='ltr'>propterea</span> <span class='ocrx_word' id='word_1_215' title='bbox 860 3464 965 3532; x_wconf 85' lang='lat' dir='ltr'>Terra</span> <span class='ocrx_word' id='word_1_216' title='bbox 976 3459 1111 3543; x_wconf 76' lang='lat' dir='ltr'>videtur</span> 
     </span>
     <span class='ocr_line' id='line_1_31' title="bbox 109 3554 1107 3656; baseline 0.003 -26"><span class='ocrx_word' id='word_1_217' title='bbox 109 3554 172 3630; x_wconf 77' lang='lat' dir='ltr'>etse</span> <span class='ocrx_word' id='word_1_218' title='bbox 180 3561 344 3655; x_wconf 77' lang='lat' dir='ltr'>aliquanto</span> <span class='ocrx_word' id='word_1_219' title='bbox 352 3562 446 3632; x_wconf 70' lang='lat' dir='ltr'>altior</span> <span class='ocrx_word' id='word_1_220' title='bbox 455 3557 513 3630; x_wconf 81' lang='lat' dir='ltr'>lirb</span> <span class='ocrx_word' id='word_1_221' title='bbox 526 3579 687 3651; x_wconf 77' lang='lat' dir='ltr'>aquatore</span> <span class='ocrx_word' id='word_1_222' title='bbox 698 3583 797 3652; x_wconf 87' lang='lat' dir='ltr'>quam</span> <span class='ocrx_word' id='word_1_223' title='bbox 810 3582 869 3652; x_wconf 93' lang='lat' dir='ltr'>pro</span> <span class='ocrx_word' id='word_1_224' title='bbox 882 3559 1009 3634; x_wconf 86' lang='lat' dir='ltr'>calculo</span> <span class='ocrx_word' id='word_1_225' title='bbox 1016 3559 1107 3656; x_wconf 89' lang='lat' dir='ltr'>supe·</span> 
     </span>
     <span class='ocr_line' id='line_1_32' title="bbox 107 3653 1106 3755; baseline 0.003 -30"><span class='ocrx_word' id='word_1_226' title='bbox 107 3656 205 3728; x_wconf 60' lang='lat' dir='ltr'>rme„</span> <span class='ocrx_word' id='word_1_227' title='bbox 231 3664 264 3730; x_wconf 58' lang='grc' dir='ltr'>ιι·</span> <span class='ocrx_word' id='word_1_228' title='bbox 277 3654 406 3732; x_wconf 77' lang='lat' dir='ltr'>densior</span> <span class='ocrx_word' id='word_1_229' title='bbox 422 3655 462 3731; x_wconf 81' lang='lat' dir='ltr'>ud</span> <span class='ocrx_word' id='word_1_230' title='bbox 475 3676 620 3729; x_wconf 81' lang='lat' dir='ltr'>centrum</span> <span class='ocrx_word' id='word_1_231' title='bbox 638 3680 736 3749; x_wconf 87' lang='lat' dir='ltr'>quam</span> <span class='ocrx_word' id='word_1_232' title='bbox 749 3658 781 3729; x_wconf 91' lang='lat' dir='ltr'>in</span> <span class='ocrx_word' id='word_1_233' title='bbox 799 3653 922 3730; x_wconf 88' lang='lat' dir='ltr'>fodinis</span> <span class='ocrx_word' id='word_1_234' title='bbox 939 3679 1038 3755; x_wconf 77' lang='lat' dir='ltr'>prope</span> <span class='ocrx_word' id='word_1_235' title='bbox 1052 3655 1106 3728; x_wconf 92' lang='lat' dir='ltr'>su·</span> 
     </span>
     <span class='ocr_line' id='line_1_33' title="bbox 108 3746 944 3855; baseline 0.006 -34"><span class='ocrx_word' id='word_1_236' title='bbox 108 3746 292 3855; x_wconf 76' lang='lat' dir='ltr'>pertitiemt</span> <span class='ocrx_word' id='word_1_237' title='bbox 310 3778 408 3853; x_wconf 86' lang='lat' dir='ltr'>prout</span> <span class='ocrx_word' id='word_1_238' title='bbox 419 3757 503 3830; x_wconf 85' lang='lat' dir='ltr'>ratio</span> <span class='ocrx_word' id='word_1_239' title='bbox 515 3752 803 3852; x_wconf 81' lang='lat' dir='ltr'>omninopostulat.</span> <span class='ocrx_word' id='word_1_240' title='bbox 938 3797 944 3813; x_wconf 55' lang='grc' dir='ltr'>ι</span> 
     </span>
    </p>

    <p class='ocr_par' dir='ltr' id='par_1_9' title="bbox 158 3851 1110 4026">
     <span class='ocr_line' id='line_1_34' title="bbox 158 3851 1110 4026; baseline 0.011 -80"><span class='ocrx_word' id='word_1_241' title='bbox 158 3851 262 3922; x_wconf 58' lang='grc' dir='ltr'>Ν·</span> <span class='ocrx_word' id='word_1_242' title='bbox 287 3855 363 3947; x_wconf 58' lang='grc' dir='ltr'>(ι)</span> <span class='ocrx_word' id='word_1_243' title='bbox 386 3851 758 3968; x_wconf 57' lang='lat' dir='ltr'>nuoemgnputis</span> <span class='ocrx_word' id='word_1_244' title='bbox 775 3853 1110 4026; x_wconf 42' lang='lat' dir='ltr'>&amp;karieffi</span> 
     </span>
    </p>
   </div>
   <div class='ocr_carea' id='block_1_8' title="bbox 0 0 1230 4366">
    <p class='ocr_par' dir='ltr' id='par_1_10' title="bbox 0 0 1230 4366">
     <span class='ocr_line' id='line_1_35' title="bbox 0 0 1230 4366; baseline 0 2"><span class='ocrx_word' id='word_1_245' title='bbox 0 0 1230 4366; x_wconf 95' lang='lat' dir='ltr'> </span> 
     </span>
    </p>
   </div>
  </div>
 </body>
</html>
