2484 4366
123 208 171 271 6⁰
298 218 302 225 ⁴
394 185 845 297 PMLEcrsroNES

127 327 164 391 ἃ
181 316 288 397 eidem
302 314 445 416 parallela
462 316 502 381 A
507 317 535 381 C
539 335 552 392 3
577 309 841 407 complenturque
862 308 988 408 parallel
1051 333 1116 384 am·

123 444 219 493 mum
237 423 394 489 DCAc:
431 409 595 498 Quoniam
619 407 701 480 nihil
724 405 822 479 refert
848 428 959 479 utrum
1021 434 1117 482 orum

124 520 242 619 punaa
263 521 305 595 K,
318 516 416 593 L,D‘.
450 501 544 578 affixa
570 501 630 576 smt
656 503 709 578 vel
726 528 788 575 non
802 500 903 576 ¹affixa
925 501 966 576 ad
987 506 1117 601 planum

123 641 222 695 rore,
254 608 394 710 pondera
416 602 504 679 idem
526 602 677 674 valebunt
690 626 734 672 ,ac
761 597 785 673 fi
811 598 1115 699 suspenderentur:

124 713 251 814 punffis
266 715 342 780 K&
354 712 396 785 L,
422 704 474 774 vel
493 707 528 771 D
542 708 576 770 δι
590 704 621 768 L
628 726 640 782 3
667 696 777 769 eadem
794 699 879 770 enirn
904 697 1056 797 (sepositi
1066 702 1116 799 ip

128 811 191 885 lius
202 809 251 882 fili
263 807 442 906 gravitate)
453 795 596 894 ejusdem
609 797 749 893 corporis
759 793 805 866 est
815 798 966 893 gravitas,
979 799 1116 871 ubicun-

125 934 192 1005 que
207 903 351 1004 affigitur
370 898 463 971 filum
478 899 510 968 in
534 892 646 966 eadem
664 895 744 965 linea
767 891 930 965 horizonti
947 895 1120 994 perpendi·

126 1007 245 1080 culari:
273 996 424 1072 Ponderis
440 997 600 1068 autemA
621 993 669 1063 vis
691 992 927 1089 totagravitans
940 1015 1120 1091 exponatur

125 1108 179 1178 vel
197 1097 434 1199 repraesentetur
453 1117 509 1190 per
529 1090 644 1162 lineam
670 1093 760 1167 AD,
783 1109 933 1182 tanquam
950 1093 1121 1202 parallelo·

126 1199 263 1302 grammi
283 1191 448 1286 cujusdam
462 1187 664 1286 diagonalem
680 1212 691 1255 ι
716 1206 753 1257 ut
764 1209 805 1256 ex
817 1187 935 1259 ratione
947 1186 1038 1262 rstius
1049 1188 1120 1262 dia-

126 1292 295 1398 gonalisad
306 1294 387 1364 latus
397 1283 689 1387 parallelogrammi,
714 1282 772 1354 ubi
785 1285 905 1355 virium
922 1285 1016 1358 altera
1032 1289 1119 1371 nulla

126 1396 192 1478 est,
223 1388 411 1473 innotescat,
443 1387 504 1457 Vis
525 1384 577 1454 illa
595 1401 663 1451 tota
688 1402 785 1473 quam
804 1387 881 1457 AD
897 1377 1042 1483 defignat
1066 1409 1120 1459 res

293 1558 358 1644 'rr

124 2874 205 2967 (olvi
263 2871 370 2946 testin
388 2871 471 2943 vires
490 2867 578 2939 binas
600 2870 786 2948 innumeras,
812 2867 865 2941 sed
883 2896 959 2945 cum
981 2877 1120 2974 rellquae

125 2989 209 3056 pho
236 2998 275 3042 ro
294 2966 461 3068 proposito
482 2963 542 3036 srnt
567 2968 686 3043 allenae,
711 2965 884 3039 resolvatur
905 2971 1040 3046 inbinas
1061 2981 1125 3047 Dc

127 3069 199 3152 (vel
224 3073 264 3137 A
270 3074 311 3156 C)
329 3073 362 3136 &
375 3070 458 3146 DC3
486 3065 615 3135 alteram
635 3087 747 3161 nempe
767 3064 940 3139 secundum
958 3068 1119 3144 direffio·

124 3191 198 3256 nem
212 3162 293 3237 radii
307 3167 378 3234 DO
392 3162 557 3259 protrahi,
583 3162 709 3233 alteram
725 3187 804 3233 vero
816 3161 921 3236 eidem
940 3166 1122 3266 mdio'per.

122 3260 370 3360 pendicularem.
428 3263 556 3333 Harum
589 3260 710 3330 virium
737 3263 849 3336 Altera
878 3267 952 3334 Ac
976 3264 1030 3336 vel
1055 3271 1123 3348 cD

123 3357 280 3432 trahendo
296 3357 423 3430 radium
443 3363 516 3429 OD
534 3356 657 3429 direste
671 3383 688 3426 a
703 3380 825 3438 centro,
854 3359 976 3441 (tendit
995 3363 1082 3433 enim
1100 3389 1120 3444 a,

123 3464 159 3529 D
172 3455 276 3529 versus
294 3485 311 3528 c
328 3458 360 3528 in
382 3455 449 3553 ipso
468 3452 559 3526 radio
575 3455 754 3551 protrae'w)
774 3454 855 3528 nihil
876 3459 962 3528 valet
983 3455 1022 3529 ad
1045 3484 1124 3530 rno-

122 3553 259 3628 vendam
271 3576 375 3626 rotam
383 3581 393 3633 3
422 3556 484 3623 Vis
499 3572 606 3624 autem
622 3552 719 3622 altera
734 3559 807 3622 DC
820 3550 976 3624 trahendo
988 3551 1121 3629 radium

122 3637 196 3723 ΒΟ
216 3648 517 3749 perpendiculariter
535 3645 621 3721 idern
639 3649 725 3719 valet
743 3675 779 3720 ac
801 3646 825 3719 fi
848 3647 1121 3748 perpendiculari-

122 3768 173 3819 ter
184 3747 322 3821 traheret
334 3744 460 3819 radium
481 3751 560 3826 Ol,
586 3744 903 3846 ipsrODaequalem:
931 3752 1021 3819 Cum
1036 3774 1120 3822 vero

120 3866 192 3919 rota
210 3869 251 3919 ex
271 3842 445 3944 hypothesi
463 3843 605 3940 quiescat
626 3845 659 3930 iu
679 3844 875 3935 aequilibrio,
900 3846 962 3931 erit
985 3844 1119 4014 Pondpis

308 4010 312 4015 .
666 3997 669 4001 ‚
1005 3948 1046 4025 1³,
