2452 4366
255 199 955 272 Parslco-MATHEMATIM.
1031 209 1099 290 269

103 347 308 427 quocunque
333 326 482 426 projedi.
532 326 688 400 Medium
714 325 858 399 cedendo
883 328 1104 426 projedilibur

107 452 176 500 non
191 425 313 500 recedit
333 423 554 505 ininfinitum,
580 423 634 497 sed
650 428 684 497 in
698 427 857 498 circulum
873 425 980 499 eundo
993 430 1102 528 pergit

109 524 154 599 ad
169 526 266 623 {prtia
276 548 353 619 quae
369 546 486 622 corpus
498 523 653 618 relinquit
664 525 682 595 l
699 545 803 618 tergo.
834 594 837 605 ,
852 526 961 621 Igitur
972 529 1102 621 quoties

109 646 226 723 corpus
240 623 420 694 tremulum
444 621 550 718 pergit
570 623 602 693 in
621 642 742 718 partem
759 642 996 714 quamcunque,
1022 628 1102 698 Me-

103 718 200 793 dium
216 717 365 792 cedendo
382 739 494 817 perget
512 741 568 814 per
585 719 744 790 circulum
761 715 801 788 ad
819 740 919 813 partes
935 743 1012 811 quas
1026 747 1102 793 cor·

101 840 164 917 pus
180 816 362 912 relinquit3
390 821 425 887 δι
443 817 572 909 quoties
590 838 704 912 corpus
723 814 902 912 regreditur
929 814 970 889 ad
988 820 1099 891 locum

101 916 265 1013 priorem,
288 912 436 986 medium
453 911 527 985 inde
547 914 726 1010 repelletur,
753 919 787 985 δι
807 911 847 984 ad
870 917 980 987 locrun
1004 914 1099 990 suum

105 1013 254 1111 priorem
265 1008 398 1083 redibit.

158 1110 367 1181 mothrim.
386 1106 634 1179 Hallucinantur
645 1108 747 1204 igitur
762 1104 947 1189 Cartefiani
958 1113 1018 1202 qui
1030 1137 1100 1183 cre-

106 1204 193 1279 dunt
255 1206 420 1277 irationem
438 1206 575 1302 partium
596 1203 734 1277 flammae
749 1201 814 1275 srve
837 1206 916 1277 Solis
934 1204 974 1277 ad
990 1207 1100 1303 preffi·

106 1326 203 1375 ouem
231 1328 276 1374 eu
295 1303 376 1374 lucis
389 1302 647 1401 propagationem
667 1325 723 1400 per
735 1299 880 1373 medium
897 1302 1034 1375 ambiens
1053 1305 1100 1376 se·

108 1398 259 1473 mudum
283 1399 378 1472 lineas
400 1399 498 1471 redas
524 1396 717 1471 conducere.
771 1397 916 1470 Debebit
941 1398 1100 1490 ejusmodi

124 1492 228 1569 reffio
244 1518 309 1567 non
327 1496 367 1567 ab
387 1497 556 1592 agitatione
572 1496 633 1568 sola
646 1497 785 1593 partium
805 1495 955 1574 flammae,
967 1499 1020 1569 vel
1038 1502 1097 1569 So·

107 1518 157 1675 is,
181 1590 384 1666 sedatotius
399 1591 581 1665 dilatatione
603 1591 754 1666 derivari.
810 1596 923 1685 Atque
947 1590 1017 1666 haec
1036 1597 1100 1668 irn-

103 1690 341 1787 praesentiarum
352 1686 519 1762 sufficiant.
553 1691 694 1784 Reliqua
708 1692 866 1764 Termino
887 1691 959 1789 post
975 1694 1100 1766 Natali·

103 1790 151 1862 tia
164 1788 322 1885 proximo
337 1786 557 1884 expedabitir.

180 1918 325 1995 Decemb.
338 1926 397 2012 9⁰.
428 1931 526 2018 1706.

542 2382 672 2452 XXXI.

112 2564 345 2733 LXVII.SI
366 2555 544 2655 Cylindrus
556 2556 674 2630 solidus
687 2555 809 2630 infinite
819 2558 932 2653 longus
946 2556 977 2628 in
993 2511 1098 2629 fluido

344 2654 500 2729 uniformi
515 2663 549 2728 &
563 2655 689 2729 infinito
706 2658 789 2727 circa
802 2679 893 2725 axem
906 2654 1000 2725 suum
1012 2653 1099 2751 pofi·

111 2758 200 2831 tione
219 2752 336 2827 datum
348 2751 502 2826 uniformi
516 2777 592 2826 cum
607 2774 700 2825 motu
715 2754 913 2832 revolvatur,
939 2758 973 2821 δι
987 2750 1026 2820 ab
1035 2748 1100 2821 hu·

111 2853 159 2945 ⁵¹¹⁵
172 2850 896 3021 nippisopapnagupgupuunpprppgpp
906 2846 1099 3018 llll&

112 2973 453 3146 appglmwrpperpdica
465 2973 602 3142 paitiuin
616 3040 711 3119 fluidi
723 3065 814 3116 erunt
833 3066 871 3116 ut
891 3043 1026 3142 ipsarum
1045 2998 1099 3116 dii

114 3144 236 3219 stantia
250 3145 291 3217 rb
314 3169 372 3218 axe
385 3141 526 3240 cylindri
545 3142 687 3227 direde3
715 3149 749 3214 δι
770 3144 954 3216 velocitates
973 3143 1097 3234 ubique

114 3245 390 3438 eqiiiiiiiinguatur
401 3339 485 3411 enim
503 3337 643 3411 fluidum
658 3339 689 3410 in
707 3340 799 3410 orbes
811 3333 924 3448 solidos
942 3331 1097 3448 cylindri-

111 3463 167 3511 cor
188 3441 369 3511 innumeros
388 3435 538 3534 cylindro
561 3439 791 3517 concentricos,
814 3433 955 3527 ejusdem
973 3433 1098 3524 ubique

108 3534 333 3611 erallitudinis.
382 3541 429 3607 Et
446 3537 598 3648 quoniam
611 3534 751 3607 fluidum
764 3535 949 3645 lupponitur
960 3527 1020 3602 elie
1036 3528 1109 3599 ho«.

109 3631 1101 3830 miiliss2fiihssiliniiisss.{iiiiii}

114 3852 215 3927 parter
229 3830 445 3907 ulteriorerin
458 3829 621 3906 infinitum
638 3827 802 3903 communi
820 3825 982 3901 suomotu
1000 3851 1101 3995 nnlgu

1045 3949 1100 4000 21¹1,
