<?xml version="1.0" encoding="UTF-8"?>
<!DOCTYPE html PUBLIC "-//W3C//DTD XHTML 1.0 Transitional//EN"
    "http://www.w3.org/TR/xhtml1/DTD/xhtml1-transitional.dtd">
<html xmlns="http://www.w3.org/1999/xhtml" xml:lang="en" lang="en">
 <head>
  <title>
</title>
<meta http-equiv="Content-Type" content="text/html;charset=utf-8" />
  <meta name='ocr-system' content='tesseract 3.04.00' />
  <meta name='ocr-capabilities' content='ocr_page ocr_carea ocr_par ocr_line ocrx_word'/>
</head>
<body>
  <div class='ocr_page' id='page_1' title='image "./praelectionesph01whisgoog/praelectionesph01whisgoog_0035.png"; bbox 0 0 2484 4366; ppageno 0'>
   <div class='ocr_carea' id='block_1_1' title="bbox 116 214 825 332">
    <p class='ocr_par' dir='ltr' id='par_1_1' title="bbox 116 175 985 332">
     <span class='ocr_line' id='line_1_1' title="bbox 116 214 825 332; baseline -0.021 -4"><span class='ocrx_word' id='word_1_1' title='bbox 116 244 161 331; x_wconf 67' lang='lat' dir='ltr'>a</span> <span class='ocrx_word' id='word_1_2' title='bbox 345 214 825 332; x_wconf 56' lang='lat' dir='ltr'>..tarr-acuatu</span> 
     </span>
    </p>
   </div>
   <div class='ocr_carea' id='block_1_2' title="bbox 124 323 1139 447">
    <p class='ocr_par' dir='ltr' id='par_1_2' title="bbox 124 323 1139 447">
     <span class='ocr_line' id='line_1_2' title="bbox 124 323 1139 447; baseline -0.004 -19"><span class='ocrx_word' id='word_1_3' title='bbox 124 362 216 440; x_wconf 79' lang='lat' dir='ltr'>Focus</span> <span class='ocrx_word' id='word_1_4' title='bbox 238 323 562 432; x_wconf 58' lang='lat' dir='ltr'>cominiadomnium</span> <span class='ocrx_word' id='word_1_5' title='bbox 594 349 786 447; x_wconf 57' lang='lat' dir='ltr'>lectionumt</span> <span class='ocrx_word' id='word_1_6' title='bbox 817 345 881 444; x_wconf 90' lang='lat' dir='ltr'>[Et</span> <span class='ocrx_word' id='word_1_7' title='bbox 906 345 952 419; x_wconf 92' lang='lat' dir='ltr'>est</span> <span class='ocrx_word' id='word_1_8' title='bbox 972 346 1108 442; x_wconf 87' lang='lat' dir='ltr'>quidem</span> <span class='ocrx_word' id='word_1_9' title='bbox 1138 329 1139 332; x_wconf 8' lang='grc' dir='ltr'><strong>Ἴ</strong></span> 
     </span>
    </p>
   </div>
   <div class='ocr_carea' id='block_1_3' title="bbox 3 432 1123 3933">
    <p class='ocr_par' dir='ltr' id='par_1_3' title="bbox 3 432 1123 3933">
     <span class='ocr_line' id='line_1_3' title="bbox 125 432 1110 542; baseline -0.009 -13"><span class='ocrx_word' id='word_1_10' title='bbox 125 457 229 530; x_wconf 86' lang='lat' dir='ltr'>Focus</span> <span class='ocrx_word' id='word_1_11' title='bbox 251 449 405 542; x_wconf 89' lang='lat' dir='ltr'>cujusque</span> <span class='ocrx_word' id='word_1_12' title='bbox 429 448 571 521; x_wconf 72' lang='lat' dir='ltr'>sectionis</span> <span class='ocrx_word' id='word_1_13' title='bbox 584 432 674 542; x_wconf 71' lang='lat' dir='ltr'>quast</span> <span class='ocrx_word' id='word_1_14' title='bbox 691 467 837 518; x_wconf 88' lang='lat' dir='ltr'>centrum</span> <span class='ocrx_word' id='word_1_15' title='bbox 855 444 1044 538; x_wconf 87' lang='lat' dir='ltr'>quoddam;</span> <span class='ocrx_word' id='word_1_16' title='bbox 1073 455 1110 520; x_wconf 76' lang='grc' dir='ltr'>δε</span> 
     </span>
     <span class='ocr_line' id='line_1_4' title="bbox 124 532 1109 645; baseline -0.009 -19"><span class='ocrx_word' id='word_1_17' title='bbox 124 554 177 627; x_wconf 83' lang='lat' dir='ltr'>axi</span> <span class='ocrx_word' id='word_1_18' title='bbox 192 545 362 621; x_wconf 81' lang='lat' dir='ltr'>ordinatim</span> <span class='ocrx_word' id='word_1_19' title='bbox 377 547 529 645; x_wconf 86' lang='lat' dir='ltr'>applicata</span> <span class='ocrx_word' id='word_1_20' title='bbox 542 568 599 642; x_wconf 87' lang='lat' dir='ltr'>per</span> <span class='ocrx_word' id='word_1_21' title='bbox 616 532 742 617; x_wconf 65' lang='lat' dir='ltr'>Focum</span> <span class='ocrx_word' id='word_1_22' title='bbox 761 539 918 629; x_wconf 82' lang='lat' dir='ltr'>transiens,</span> <span class='ocrx_word' id='word_1_23' title='bbox 932 541 997 616; x_wconf 84' lang='lat' dir='ltr'>sive</span> <span class='ocrx_word' id='word_1_24' title='bbox 1009 548 1109 617; x_wconf 83' lang='lat' dir='ltr'>Latus</span> 
     </span>
     <span class='ocr_line' id='line_1_5' title="bbox 127 639 1109 739; baseline -0.004 -22"><span class='ocrx_word' id='word_1_25' title='bbox 127 649 272 724; x_wconf 72' lang='lat' dir='ltr'>Redum</span> <span class='ocrx_word' id='word_1_26' title='bbox 293 648 368 716; x_wconf 88' lang='lat' dir='ltr'>cuni</span> <span class='ocrx_word' id='word_1_27' title='bbox 386 643 499 722; x_wconf 81' lang='lat' dir='ltr'>circui</span> <span class='ocrx_word' id='word_1_28' title='bbox 520 639 678 735; x_wconf 81' lang='lat' dir='ltr'>diametro</span> <span class='ocrx_word' id='word_1_29' title='bbox 691 666 745 739; x_wconf 85' lang='lat' dir='ltr'>per</span> <span class='ocrx_word' id='word_1_30' title='bbox 756 639 823 730; x_wconf 89' lang='lat' dir='ltr'>ejus</span> <span class='ocrx_word' id='word_1_31' title='bbox 836 663 980 714; x_wconf 87' lang='lat' dir='ltr'>centrum</span> <span class='ocrx_word' id='word_1_32' title='bbox 994 641 1109 714; x_wconf 77' lang='lat' dir='ltr'>transe-</span> 
     </span>
     <span class='ocr_line' id='line_1_6' title="bbox 125 737 1110 838; baseline -0.013 -20"><span class='ocrx_word' id='word_1_33' title='bbox 125 765 201 818; x_wconf 91' lang='lat' dir='ltr'>unte</span> <span class='ocrx_word' id='word_1_34' title='bbox 217 746 249 817; x_wconf 91' lang='lat' dir='ltr'>in</span> <span class='ocrx_word' id='word_1_35' title='bbox 266 740 422 836; x_wconf 80' lang='lat' dir='ltr'>plerisque</span> <span class='ocrx_word' id='word_1_36' title='bbox 437 741 535 837; x_wconf 85' lang='lat' dir='ltr'>magis</span> <span class='ocrx_word' id='word_1_37' title='bbox 551 740 701 838; x_wconf 73' lang='lat' dir='ltr'>congruit</span> <span class='ocrx_word' id='word_1_38' title='bbox 720 762 817 832; x_wconf 91' lang='lat' dir='ltr'>quam</span> <span class='ocrx_word' id='word_1_39' title='bbox 836 741 900 810; x_wconf 83' lang='lat' dir='ltr'>axis</span> <span class='ocrx_word' id='word_1_40' title='bbox 913 737 976 834; x_wconf 90' lang='lat' dir='ltr'>ipse</span> <span class='ocrx_word' id='word_1_41' title='bbox 995 738 1110 811; x_wconf 68' lang='lat' dir='ltr'>sectio,</span> 
     </span>
     <span class='ocr_line' id='line_1_7' title="bbox 126 835 1110 940; baseline -0.001 -31"><span class='ocrx_word' id='word_1_42' title='bbox 126 838 218 937; x_wconf 75' lang='lat' dir='ltr'>nise]</span> <span class='ocrx_word' id='word_1_43' title='bbox 248 841 296 909; x_wconf 89' lang='lat' dir='ltr'>Sit</span> <span class='ocrx_word' id='word_1_44' title='bbox 309 839 468 910; x_wconf 67' lang='lat' dir='ltr'>Punctum</span> <span class='ocrx_word' id='word_1_45' title='bbox 484 843 515 920; x_wconf 71' lang='lat' dir='ltr'><em>F</em></span> <span class='ocrx_word' id='word_1_46' title='bbox 530 845 641 915; x_wconf 82' lang='lat' dir='ltr'>Vertex</span> <span class='ocrx_word' id='word_1_47' title='bbox 652 836 818 940; x_wconf 76' lang='lat' dir='ltr'>principalis</span> <span class='ocrx_word' id='word_1_48' title='bbox 830 838 976 907; x_wconf 91' lang='lat' dir='ltr'>omnium</span> <span class='ocrx_word' id='word_1_49' title='bbox 994 835 1110 908; x_wconf 69' lang='lat' dir='ltr'>festio-</span> 
     </span>
     <span class='ocr_line' id='line_1_8' title="bbox 125 930 1108 1031; baseline -0.005 -21"><span class='ocrx_word' id='word_1_50' title='bbox 125 965 223 1014; x_wconf 83' lang='lat' dir='ltr'>num:</span> <span class='ocrx_word' id='word_1_51' title='bbox 252 938 364 1029; x_wconf 85' lang='lat' dir='ltr'><strong>Sitque</strong></span> <span class='ocrx_word' id='word_1_52' title='bbox 393 940 423 1006; x_wconf 87' lang='lat' dir='ltr'><em>F</em></span> <span class='ocrx_word' id='word_1_53' title='bbox 426 941 462 1004; x_wconf 87' lang='lat' dir='ltr'><em>X</em></span> <span class='ocrx_word' id='word_1_54' title='bbox 462 940 520 1004; x_wconf 85' lang='grc' dir='ltr'>ΒΥ</span> <span class='ocrx_word' id='word_1_55' title='bbox 538 935 702 1012; x_wconf 83' lang='lat' dir='ltr'>Circulus‚</span> <span class='ocrx_word' id='word_1_56' title='bbox 728 930 820 1022; x_wconf 89' lang='lat' dir='ltr'>cujus</span> <span class='ocrx_word' id='word_1_57' title='bbox 844 931 970 1030; x_wconf 75' lang='lat' dir='ltr'>figurat,</span> <span class='ocrx_word' id='word_1_58' title='bbox 996 956 1108 1031; x_wconf 85' lang='lat' dir='ltr'>utpote</span> 
     </span>
     <span class='ocr_line' id='line_1_9' title="bbox 126 1026 1107 1131; baseline -0.005 -23"><span class='ocrx_word' id='word_1_59' title='bbox 126 1031 297 1131; x_wconf 85' lang='lat' dir='ltr'>Ellipstum</span> <span class='ocrx_word' id='word_1_60' title='bbox 318 1053 469 1103; x_wconf 81' lang='lat' dir='ltr'>extremae</span> <span class='ocrx_word' id='word_1_61' title='bbox 492 1052 641 1115; x_wconf 79' lang='lat' dir='ltr'>centrum</span> <span class='ocrx_word' id='word_1_62' title='bbox 657 1054 733 1103; x_wconf 88' lang='lat' dir='ltr'>cum</span> <span class='ocrx_word' id='word_1_63' title='bbox 757 1026 839 1098; x_wconf 85' lang='lat' dir='ltr'>focis</span> <span class='ocrx_word' id='word_1_64' title='bbox 859 1029 1022 1106; x_wconf 85' lang='lat' dir='ltr'>coalescit:</span> <span class='ocrx_word' id='word_1_65' title='bbox 1047 1034 1107 1103; x_wconf 91' lang='lat' dir='ltr'>erit</span> 
     </span>
     <span class='ocr_line' id='line_1_10' title="bbox 126 1125 1109 1226; baseline -0.003 -24"><span class='ocrx_word' id='word_1_66' title='bbox 126 1139 163 1218; x_wconf 72' lang='lat' dir='ltr'>,ll</span> <span class='ocrx_word' id='word_1_67' title='bbox 164 1139 191 1202; x_wconf 91' lang='lat' dir='ltr'><em>Y</em></span> <span class='ocrx_word' id='word_1_68' title='bbox 215 1136 314 1206; x_wconf 88' lang='lat' dir='ltr'>Latus</span> <span class='ocrx_word' id='word_1_69' title='bbox 341 1130 484 1208; x_wconf 71' lang='lat' dir='ltr'>rectum,</span> <span class='ocrx_word' id='word_1_70' title='bbox 510 1125 609 1199; x_wconf 80' lang='lat' dir='ltr'>st&#39;ita</span> <span class='ocrx_word' id='word_1_71' title='bbox 635 1127 729 1219; x_wconf 90' lang='lat' dir='ltr'>loqui</span> <span class='ocrx_word' id='word_1_72' title='bbox 746 1125 857 1205; x_wconf 89' lang='lat' dir='ltr'>liceat,</span> <span class='ocrx_word' id='word_1_73' title='bbox 894 1129 1026 1208; x_wconf 81' lang='lat' dir='ltr'>circuli,</span> <span class='ocrx_word' id='word_1_74' title='bbox 1053 1153 1109 1226; x_wconf 87' lang='lat' dir='ltr'>per</span> 
     </span>
     <span class='ocr_line' id='line_1_11' title="bbox 126 1219 1110 1319; baseline -0.002 -19"><span class='ocrx_word' id='word_1_75' title='bbox 126 1251 331 1300; x_wconf 86' lang='lat' dir='ltr'>communem</span> <span class='ocrx_word' id='word_1_76' title='bbox 361 1225 473 1296; x_wconf 88' lang='lat' dir='ltr'>focum</span> <span class='ocrx_word' id='word_1_77' title='bbox 494 1227 546 1298; x_wconf 86' lang='lat' dir='ltr'>vel</span> <span class='ocrx_word' id='word_1_78' title='bbox 567 1245 711 1299; x_wconf 87' lang='lat' dir='ltr'>centrum</span> <span class='ocrx_word' id='word_1_79' title='bbox 730 1219 893 1303; x_wconf 72' lang='lat' dir='ltr'>transiens,</span> <span class='ocrx_word' id='word_1_80' title='bbox 926 1227 1110 1319; x_wconf 86' lang='lat' dir='ltr'>&amp;reliquis</span> 
     </span>
     <span class='ocr_line' id='line_1_12' title="bbox 125 1315 1110 1415; baseline -0.001 -18"><span class='ocrx_word' id='word_1_81' title='bbox 125 1324 285 1398; x_wconf 86' lang='lat' dir='ltr'>diamettis</span> <span class='ocrx_word' id='word_1_82' title='bbox 304 1324 444 1415; x_wconf 76' lang='lat' dir='ltr'>aqualer</span> <span class='ocrx_word' id='word_1_83' title='bbox 473 1323 522 1393; x_wconf 84' lang='lat' dir='ltr'>Sit</span> <span class='ocrx_word' id='word_1_84' title='bbox 542 1327 573 1390; x_wconf 85' lang='lat' dir='ltr'><em>F</em></span> <span class='ocrx_word' id='word_1_85' title='bbox 575 1327 673 1401; x_wconf 83' lang='lat' dir='ltr'>GHI</span> <span class='ocrx_word' id='word_1_86' title='bbox 694 1315 820 1415; x_wconf 87' lang='lat' dir='ltr'>Ellipsrs</span> <span class='ocrx_word' id='word_1_87' title='bbox 841 1322 944 1392; x_wconf 88' lang='lat' dir='ltr'>minus</span> <span class='ocrx_word' id='word_1_88' title='bbox 958 1346 1056 1395; x_wconf 91' lang='lat' dir='ltr'>curva</span> <span class='ocrx_word' id='word_1_89' title='bbox 1069 1323 1110 1396; x_wconf 90' lang='lat' dir='ltr'>ad</span> 
     </span>
     <span class='ocr_line' id='line_1_13' title="bbox 125 1415 1106 1511; baseline -0.001 -18"><span class='ocrx_word' id='word_1_90' title='bbox 125 1424 281 1493; x_wconf 89' lang='lat' dir='ltr'>verticem</span> <span class='ocrx_word' id='word_1_91' title='bbox 299 1426 329 1498; x_wconf 80' lang='lat' dir='ltr'><em>F</em></span> <span class='ocrx_word' id='word_1_92' title='bbox 341 1444 439 1511; x_wconf 88' lang='lat' dir='ltr'>quam</span> <span class='ocrx_word' id='word_1_93' title='bbox 456 1420 606 1498; x_wconf 83' lang='lat' dir='ltr'>circulus,</span> <span class='ocrx_word' id='word_1_94' title='bbox 632 1415 824 1508; x_wconf 81' lang='lat' dir='ltr'>cujussocus</span> <span class='ocrx_word' id='word_1_95' title='bbox 839 1420 994 1489; x_wconf 89' lang='lat' dir='ltr'>remotior</span> <span class='ocrx_word' id='word_1_96' title='bbox 1005 1419 1050 1490; x_wconf 86' lang='lat' dir='ltr'>est</span> <span class='ocrx_word' id='word_1_97' title='bbox 1065 1429 1106 1492; x_wconf 79' lang='lat' dir='ltr'>Ca</span> 
     </span>
     <span class='ocr_line' id='line_1_14' title="bbox 125 1512 1109 1610; baseline 0 -21"><span class='ocrx_word' id='word_1_98' title='bbox 125 1521 293 1589; x_wconf 87' lang='lat' dir='ltr'>Diamcter</span> <span class='ocrx_word' id='word_1_99' title='bbox 310 1516 492 1610; x_wconf 70' lang='lat' dir='ltr'>Principalis</span> <span class='ocrx_word' id='word_1_100' title='bbox 504 1512 570 1587; x_wconf 85' lang='lat' dir='ltr'>five</span> <span class='ocrx_word' id='word_1_101' title='bbox 589 1516 671 1586; x_wconf 78' lang='lat' dir='ltr'>Axis</span> <span class='ocrx_word' id='word_1_102' title='bbox 683 1513 785 1604; x_wconf 85' lang='lat' dir='ltr'>major</span> <span class='ocrx_word' id='word_1_103' title='bbox 799 1519 830 1581; x_wconf 84' lang='lat' dir='ltr'><em>F</em></span> <span class='ocrx_word' id='word_1_104' title='bbox 831 1519 874 1584; x_wconf 92' lang='lat' dir='ltr'><em>H</em></span> <span class='ocrx_word' id='word_1_105' title='bbox 876 1547 887 1585; x_wconf 90' lang='lat'><em>:</em></span> <span class='ocrx_word' id='word_1_106' title='bbox 914 1516 996 1587; x_wconf 79' lang='lat' dir='ltr'>Axis</span> <span class='ocrx_word' id='word_1_107' title='bbox 1004 1519 1109 1589; x_wconf 92' lang='lat' dir='ltr'>minor</span> 
     </span>
     <span class='ocr_line' id='line_1_15' title="bbox 126 1610 1109 1708; baseline 0.004 -25"><span class='ocrx_word' id='word_1_108' title='bbox 126 1620 204 1701; x_wconf 60' lang='grc' dir='ltr'>βλ·</span> <span class='ocrx_word' id='word_1_109' title='bbox 231 1618 328 1687; x_wconf 84' lang='lat' dir='ltr'>Latus</span> <span class='ocrx_word' id='word_1_110' title='bbox 346 1612 469 1695; x_wconf 68' lang='lat' dir='ltr'>redum</span> <span class='ocrx_word' id='word_1_111' title='bbox 496 1612 666 1708; x_wconf 82' lang='lat' dir='ltr'>principale</span> <span class='ocrx_word' id='word_1_112' title='bbox 686 1638 702 1680; x_wconf 85' lang='lat' dir='ltr'><em>e</em></span> <span class='ocrx_word' id='word_1_113' title='bbox 707 1616 736 1705; x_wconf 84' lang='lat' dir='ltr'><em>f</em></span> <span class='ocrx_word' id='word_1_114' title='bbox 739 1637 750 1692; x_wconf 85' lang='lat'><em>3</em></span> <span class='ocrx_word' id='word_1_115' title='bbox 783 1611 936 1686; x_wconf 90' lang='lat' dir='ltr'>nimirum</span> <span class='ocrx_word' id='word_1_116' title='bbox 952 1610 1109 1687; x_wconf 71' lang='lat' dir='ltr'>distantiat</span> 
     </span>
     <span class='ocr_line' id='line_1_16' title="bbox 128 1706 1105 1805; baseline 0.004 -25"><span class='ocrx_word' id='word_1_117' title='bbox 128 1712 258 1786; x_wconf 82' lang='lat' dir='ltr'>verticis</span> <span class='ocrx_word' id='word_1_118' title='bbox 283 1715 313 1791; x_wconf 77' lang='lat' dir='ltr'><em>F</em></span> <span class='ocrx_word' id='word_1_119' title='bbox 333 1709 372 1780; x_wconf 90' lang='lat' dir='ltr'>ab</span> <span class='ocrx_word' id='word_1_120' title='bbox 390 1707 451 1781; x_wconf 87' lang='lat' dir='ltr'>isto</span> <span class='ocrx_word' id='word_1_121' title='bbox 473 1707 550 1779; x_wconf 88' lang='lat' dir='ltr'>foco</span> <span class='ocrx_word' id='word_1_122' title='bbox 571 1714 642 1784; x_wconf 87' lang='lat' dir='ltr'>AF</span> <span class='ocrx_word' id='word_1_123' title='bbox 666 1707 831 1804; x_wconf 84' lang='lat' dir='ltr'>plusquam</span> <span class='ocrx_word' id='word_1_124' title='bbox 859 1706 1018 1805; x_wconf 88' lang='lat' dir='ltr'>duplum,</span> <span class='ocrx_word' id='word_1_125' title='bbox 1044 1737 1105 1784; x_wconf 92' lang='lat' dir='ltr'>nec</span> 
     </span>
     <span class='ocr_line' id='line_1_17' title="bbox 125 1803 1109 1902; baseline 0.004 -25"><span class='ocrx_word' id='word_1_126' title='bbox 125 1829 229 1878; x_wconf 89' lang='lat' dir='ltr'>tamcn</span> <span class='ocrx_word' id='word_1_127' title='bbox 246 1803 479 1902; x_wconf 80' lang='lat' dir='ltr'>quadruplumr</span> <span class='ocrx_word' id='word_1_128' title='bbox 508 1803 698 1876; x_wconf 86' lang='lat' dir='ltr'>Notandum</span> <span class='ocrx_word' id='word_1_129' title='bbox 716 1826 823 1877; x_wconf 88' lang='lat' dir='ltr'>autem</span> <span class='ocrx_word' id='word_1_130' title='bbox 841 1807 931 1877; x_wconf 89' lang='lat' dir='ltr'>aliam</span> <span class='ocrx_word' id='word_1_131' title='bbox 943 1811 1039 1880; x_wconf 90' lang='lat' dir='ltr'>etiam</span> <span class='ocrx_word' id='word_1_132' title='bbox 1048 1812 1109 1881; x_wconf 88' lang='lat' dir='ltr'>El-</span> 
     </span>
     <span class='ocr_line' id='line_1_18' title="bbox 123 1899 1110 1999; baseline 0.003 -24"><span class='ocrx_word' id='word_1_133' title='bbox 123 1901 215 1999; x_wconf 85' lang='lat' dir='ltr'>lipstn</span> <span class='ocrx_word' id='word_1_134' title='bbox 236 1904 358 1975; x_wconf 88' lang='lat' dir='ltr'>circulo</span> <span class='ocrx_word' id='word_1_135' title='bbox 376 1906 409 1974; x_wconf 91' lang='lat' dir='ltr'>in</span> <span class='ocrx_word' id='word_1_136' title='bbox 433 1909 463 1971; x_wconf 79' lang='lat' dir='ltr'><em>F</em></span> <span class='ocrx_word' id='word_1_137' title='bbox 482 1904 580 1998; x_wconf 86' lang='lat' dir='ltr'>magis</span> <span class='ocrx_word' id='word_1_138' title='bbox 597 1926 728 1973; x_wconf 90' lang='lat' dir='ltr'>curvam</span> <span class='ocrx_word' id='word_1_139' title='bbox 740 1903 817 1971; x_wconf 90' lang='lat' dir='ltr'>oriri</span> <span class='ocrx_word' id='word_1_140' title='bbox 828 1899 932 1998; x_wconf 85' lang='lat' dir='ltr'>polse3</span> <span class='ocrx_word' id='word_1_141' title='bbox 960 1903 1010 1976; x_wconf 87' lang='lat' dir='ltr'>sed</span> <span class='ocrx_word' id='word_1_142' title='bbox 1025 1909 1110 1997; x_wconf 86' lang='lat' dir='ltr'>circa</span> 
     </span>
     <span class='ocr_line' id='line_1_19' title="bbox 122 1997 1107 2098; baseline 0.006 -28"><span class='ocrx_word' id='word_1_143' title='bbox 122 2001 279 2095; x_wconf 66' lang='lat' dir='ltr'>punctum</span> <span class='ocrx_word' id='word_1_144' title='bbox 293 2004 333 2066; x_wconf 87' lang='lat' dir='ltr'><em>A</em></span> <span class='ocrx_word' id='word_1_145' title='bbox 352 2022 504 2092; x_wconf 64' lang='lat' dir='ltr'>tanquam,</span> <span class='ocrx_word' id='word_1_146' title='bbox 516 1997 666 2069; x_wconf 86' lang='lat' dir='ltr'>focorum</span> <span class='ocrx_word' id='word_1_147' title='bbox 683 1999 888 2070; x_wconf 88' lang='lat' dir='ltr'>remotiorem</span> <span class='ocrx_word' id='word_1_148' title='bbox 906 1998 1107 2098; x_wconf 84' lang='lat' dir='ltr'>descriptam.</span> 
     </span>
     <span class='ocr_line' id='line_1_20' title="bbox 125 2091 1111 2191; baseline 0.009 -26"><span class='ocrx_word' id='word_1_149' title='bbox 125 2094 201 2166; x_wconf 90' lang='lat' dir='ltr'>Post</span> <span class='ocrx_word' id='word_1_150' title='bbox 219 2091 352 2190; x_wconf 81' lang='lat' dir='ltr'>Ellipfin</span> <span class='ocrx_word' id='word_1_151' title='bbox 368 2117 473 2168; x_wconf 88' lang='lat' dir='ltr'>autem</span> <span class='ocrx_word' id='word_1_152' title='bbox 485 2093 635 2183; x_wconf 88' lang='lat' dir='ltr'>majorem</span> <span class='ocrx_word' id='word_1_153' title='bbox 653 2094 820 2191; x_wconf 79' lang='lat' dir='ltr'>Ellipseus‚</span> <span class='ocrx_word' id='word_1_154' title='bbox 838 2117 947 2168; x_wconf 88' lang='lat' dir='ltr'>centro</span> <span class='ocrx_word' id='word_1_155' title='bbox 959 2100 990 2168; x_wconf 92' lang='lat' dir='ltr'>in</span> <span class='ocrx_word' id='word_1_156' title='bbox 1003 2099 1111 2173; x_wconf 85' lang='lat' dir='ltr'>infini-</span> 
     </span>
     <span class='ocr_line' id='line_1_21' title="bbox 123 2191 1107 2287; baseline 0.006 -25"><span class='ocrx_word' id='word_1_157' title='bbox 123 2212 195 2278; x_wconf 75' lang='lat' dir='ltr'>tum</span> <span class='ocrx_word' id='word_1_158' title='bbox 206 2191 350 2271; x_wconf 86' lang='lat' dir='ltr'>abeunte,</span> <span class='ocrx_word' id='word_1_159' title='bbox 365 2195 470 2266; x_wconf 87' lang='lat' dir='ltr'>oritur</span> <span class='ocrx_word' id='word_1_160' title='bbox 484 2192 581 2262; x_wconf 71' lang='lat' dir='ltr'>sectio</span> <span class='ocrx_word' id='word_1_161' title='bbox 594 2195 705 2263; x_wconf 88' lang='lat' dir='ltr'>conica</span> <span class='ocrx_word' id='word_1_162' title='bbox 717 2192 777 2260; x_wconf 85' lang='lat' dir='ltr'>Ld</span> <span class='ocrx_word' id='word_1_163' title='bbox 781 2197 812 2259; x_wconf 87' lang='lat' dir='ltr'><em>F</em></span> <span class='ocrx_word' id='word_1_164' title='bbox 815 2199 878 2274; x_wconf 84' lang='lat' dir='ltr'>cK,</span> <span class='ocrx_word' id='word_1_165' title='bbox 903 2219 999 2287; x_wconf 91' lang='lat' dir='ltr'>quam</span> <span class='ocrx_word' id='word_1_166' title='bbox 1007 2203 1107 2268; x_wconf 82' lang='lat' dir='ltr'>Para-</span> 
     </span>
     <span class='ocr_line' id='line_1_22' title="bbox 122 2286 1106 2392; baseline 0.005 -34"><span class='ocrx_word' id='word_1_167' title='bbox 122 2287 220 2375; x_wconf 73' lang='lat' dir='ltr'>bolam</span> <span class='ocrx_word' id='word_1_168' title='bbox 248 2287 408 2373; x_wconf 73' lang='lat' dir='ltr'>dicimus3</span> <span class='ocrx_word' id='word_1_169' title='bbox 434 2313 507 2383; x_wconf 86' lang='lat' dir='ltr'>quae</span> <span class='ocrx_word' id='word_1_170' title='bbox 527 2286 574 2360; x_wconf 89' lang='lat' dir='ltr'>est</span> <span class='ocrx_word' id='word_1_171' title='bbox 595 2288 662 2360; x_wconf 82' lang='lat' dir='ltr'>sane</span> <span class='ocrx_word' id='word_1_172' title='bbox 683 2288 838 2385; x_wconf 77' lang='lat' dir='ltr'>Ellipleus</span> <span class='ocrx_word' id='word_1_173' title='bbox 862 2289 984 2363; x_wconf 85' lang='lat' dir='ltr'>infinite</span> <span class='ocrx_word' id='word_1_174' title='bbox 1003 2293 1106 2392; x_wconf 84' lang='lat' dir='ltr'>longae</span> 
     </span>
     <span class='ocr_line' id='line_1_23' title="bbox 122 2381 1108 2479; baseline 0.008 -25"><span class='ocrx_word' id='word_1_175' title='bbox 122 2381 296 2463; x_wconf 89' lang='lat' dir='ltr'>dimidium</span> <span class='ocrx_word' id='word_1_176' title='bbox 309 2414 321 2467; x_wconf 82' lang='lat'>3</span> <span class='ocrx_word' id='word_1_177' title='bbox 351 2386 440 2475; x_wconf 84' lang='lat' dir='ltr'>cujus</span> <span class='ocrx_word' id='word_1_178' title='bbox 453 2386 519 2458; x_wconf 88' lang='lat' dir='ltr'>axis</span> <span class='ocrx_word' id='word_1_179' title='bbox 535 2383 585 2479; x_wconf 20' lang='lat' dir='ltr'>..est</span> <span class='ocrx_word' id='word_1_180' title='bbox 599 2385 740 2457; x_wconf 88' lang='lat' dir='ltr'>infinitus</span> <span class='ocrx_word' id='word_1_181' title='bbox 758 2392 789 2453; x_wconf 84' lang='lat' dir='ltr'><em>F</em></span> <span class='ocrx_word' id='word_1_182' title='bbox 795 2391 843 2466; x_wconf 88' lang='lat' dir='ltr'>H,</span> <span class='ocrx_word' id='word_1_183' title='bbox 870 2395 902 2460; x_wconf 88' lang='lat'>&amp;</span> <span class='ocrx_word' id='word_1_184' title='bbox 918 2393 1016 2461; x_wconf 83' lang='lat' dir='ltr'>Latus</span> <span class='ocrx_word' id='word_1_185' title='bbox 1037 2393 1108 2464; x_wconf 82' lang='lat' dir='ltr'>Re-</span> 
     </span>
     <span class='ocr_line' id='line_1_24' title="bbox 123 2475 1112 2579; baseline 0.006 -29"><span class='ocrx_word' id='word_1_186' title='bbox 123 2475 211 2552; x_wconf 62' lang='lat' dir='ltr'>¹{tum</span> <span class='ocrx_word' id='word_1_187' title='bbox 230 2483 404 2579; x_wconf 85' lang='lat' dir='ltr'>Principale</span> <span class='ocrx_word' id='word_1_188' title='bbox 423 2484 469 2552; x_wconf 85' lang='lat' dir='ltr'>cd</span> <span class='ocrx_word' id='word_1_189' title='bbox 495 2479 541 2553; x_wconf 90' lang='lat' dir='ltr'>est</span> <span class='ocrx_word' id='word_1_190' title='bbox 561 2480 715 2555; x_wconf 78' lang='lat' dir='ltr'>distantiae</span> <span class='ocrx_word' id='word_1_191' title='bbox 742 2485 869 2556; x_wconf 85' lang='lat' dir='ltr'>verticis</span> <span class='ocrx_word' id='word_1_192' title='bbox 899 2485 1017 2563; x_wconf 86' lang='lat' dir='ltr'>afoco</span> <span class='ocrx_word' id='word_1_193' title='bbox 1041 2494 1112 2559; x_wconf 82' lang='lat' dir='ltr'>AF</span> 
     </span>
     <span class='ocr_line' id='line_1_25' title="bbox 122 2575 1111 2675; baseline 0.006 -29"><span class='ocrx_word' id='word_1_194' title='bbox 122 2575 348 2675; x_wconf 89' lang='lat' dir='ltr'>quadruplum.</span> <span class='ocrx_word' id='word_1_195' title='bbox 399 2579 509 2671; x_wconf 87' lang='lat' dir='ltr'>Hujus</span> <span class='ocrx_word' id='word_1_196' title='bbox 526 2580 683 2651; x_wconf 87' lang='lat' dir='ltr'>Parabolae</span> <span class='ocrx_word' id='word_1_197' title='bbox 703 2601 872 2651; x_wconf 89' lang='lat' dir='ltr'>curvatura</span> <span class='ocrx_word' id='word_1_198' title='bbox 892 2584 923 2652; x_wconf 90' lang='lat' dir='ltr'>in</span> <span class='ocrx_word' id='word_1_199' title='bbox 942 2585 1063 2654; x_wconf 90' lang='lat' dir='ltr'>vertice</span> <span class='ocrx_word' id='word_1_200' title='bbox 1080 2591 1111 2652; x_wconf 88' lang='lat' dir='ltr'><em>F</em></span> 
     </span>
     <span class='ocr_line' id='line_1_26' title="bbox 122 2671 1106 2773; baseline 0.008 -29"><span class='ocrx_word' id='word_1_201' title='bbox 122 2671 169 2745; x_wconf 84' lang='lat' dir='ltr'>est</span> <span class='ocrx_word' id='word_1_202' title='bbox 181 2672 287 2745; x_wconf 88' lang='lat' dir='ltr'>adhuc</span> <span class='ocrx_word' id='word_1_203' title='bbox 302 2678 407 2746; x_wconf 89' lang='lat' dir='ltr'>minor</span> <span class='ocrx_word' id='word_1_204' title='bbox 423 2701 520 2769; x_wconf 89' lang='lat' dir='ltr'>quam</span> <span class='ocrx_word' id='word_1_205' title='bbox 532 2699 567 2754; x_wconf 86' lang='lat' dir='ltr'>ea</span> <span class='ocrx_word' id='word_1_206' title='bbox 584 2676 751 2773; x_wconf 81' lang='lat' dir='ltr'>Ellipsens.</span> <span class='ocrx_word' id='word_1_207' title='bbox 803 2681 953 2769; x_wconf 86' lang='lat' dir='ltr'>Sequitur</span> <span class='ocrx_word' id='word_1_208' title='bbox 974 2678 1106 2752; x_wconf 90' lang='lat' dir='ltr'>demum</span> 
     </span>
     <span class='ocr_line' id='line_1_27' title="bbox 124 2772 1108 2871; baseline 0.006 -29"><span class='ocrx_word' id='word_1_209' title='bbox 124 2772 316 2867; x_wconf 89' lang='lat' dir='ltr'>Hyperbola</span> <span class='ocrx_word' id='word_1_210' title='bbox 332 2777 497 2855; x_wconf 81' lang='lat' dir='ltr'>MiFlN</span> <span class='ocrx_word' id='word_1_211' title='bbox 512 2772 617 2863; x_wconf 82' lang='lat' dir='ltr'>Cujus</span> <span class='ocrx_word' id='word_1_212' title='bbox 638 2793 820 2871; x_wconf 88' lang='lat' dir='ltr'>parameter,</span> <span class='ocrx_word' id='word_1_213' title='bbox 848 2773 913 2848; x_wconf 87' lang='lat' dir='ltr'>five</span> <span class='ocrx_word' id='word_1_214' title='bbox 939 2781 1036 2848; x_wconf 83' lang='lat' dir='ltr'>Latus</span> <span class='ocrx_word' id='word_1_215' title='bbox 1055 2803 1108 2848; x_wconf 92' lang='lat' dir='ltr'>re-</span> 
     </span>
     <span class='ocr_line' id='line_1_28' title="bbox 123 2867 1112 2970; baseline 0.006 -33"><span class='ocrx_word' id='word_1_216' title='bbox 123 2870 214 2938; x_wconf 70' lang='lat' dir='ltr'>&amp;um</span> <span class='ocrx_word' id='word_1_217' title='bbox 230 2870 400 2966; x_wconf 88' lang='lat' dir='ltr'>principale</span> <span class='ocrx_word' id='word_1_218' title='bbox 424 2873 462 2949; x_wconf 79' lang='lat' dir='ltr'>il,</span> <span class='ocrx_word' id='word_1_219' title='bbox 486 2867 641 2942; x_wconf 80' lang='lat' dir='ltr'>distantiat</span> <span class='ocrx_word' id='word_1_220' title='bbox 660 2871 786 2941; x_wconf 87' lang='lat' dir='ltr'>verticis</span> <span class='ocrx_word' id='word_1_221' title='bbox 805 2897 822 2942; x_wconf 91' lang='lat' dir='ltr'>a</span> <span class='ocrx_word' id='word_1_222' title='bbox 838 2872 916 2944; x_wconf 91' lang='lat' dir='ltr'>foco</span> <span class='ocrx_word' id='word_1_223' title='bbox 939 2880 1009 2953; x_wconf 84' lang='lat' dir='ltr'>AF</span> <span class='ocrx_word' id='word_1_224' title='bbox 1022 2873 1112 2970; x_wconf 45' lang='lat' dir='ltr'>plus&lt;</span> 
     </span>
     <span class='ocr_line' id='line_1_29' title="bbox 123 2963 1123 3062; baseline 0.008 -28"><span class='ocrx_word' id='word_1_225' title='bbox 123 2988 221 3055; x_wconf 87' lang='lat' dir='ltr'>quam</span> <span class='ocrx_word' id='word_1_226' title='bbox 244 2963 478 3062; x_wconf 81' lang='lat' dir='ltr'>quadruplumt</span> <span class='ocrx_word' id='word_1_227' title='bbox 514 2964 617 3057; x_wconf 84' lang='lat' dir='ltr'>Cujus</span> <span class='ocrx_word' id='word_1_228' title='bbox 641 2987 811 3038; x_wconf 85' lang='lat' dir='ltr'>curvatura</span> <span class='ocrx_word' id='word_1_229' title='bbox 827 2971 859 3040; x_wconf 89' lang='lat' dir='ltr'>in</span> <span class='ocrx_word' id='word_1_230' title='bbox 878 2970 1000 3043; x_wconf 88' lang='lat' dir='ltr'>vertice</span> <span class='ocrx_word' id='word_1_231' title='bbox 1017 2971 1123 3042; x_wconf 85' lang='lat' dir='ltr'>Fest&#39;</span> 
     </span>
     <span class='ocr_line' id='line_1_30' title="bbox 15 3059 1106 3159; baseline 0.009 -29"><span class='ocrx_word' id='word_1_232' title='bbox 15 3124 17 3130; x_wconf 92' lang='lat'><em>.</em></span> <span class='ocrx_word' id='word_1_233' title='bbox 121 3059 227 3139; x_wconf 87' lang='lat' dir='ltr'>adhuc</span> <span class='ocrx_word' id='word_1_234' title='bbox 244 3064 348 3132; x_wconf 90' lang='lat' dir='ltr'>minor</span> <span class='ocrx_word' id='word_1_235' title='bbox 364 3087 462 3154; x_wconf 89' lang='lat' dir='ltr'>quam</span> <span class='ocrx_word' id='word_1_236' title='bbox 482 3061 528 3132; x_wconf 93' lang='lat' dir='ltr'>est</span> <span class='ocrx_word' id='word_1_237' title='bbox 544 3087 578 3132; x_wconf 87' lang='lat' dir='ltr'>ea</span> <span class='ocrx_word' id='word_1_238' title='bbox 599 3062 773 3133; x_wconf 81' lang='lat' dir='ltr'>Parabolaet</span> <span class='ocrx_word' id='word_1_239' title='bbox 803 3072 837 3135; x_wconf 76' lang='grc' dir='ltr'>δε</span> <span class='ocrx_word' id='word_1_240' title='bbox 862 3086 941 3159; x_wconf 79' lang='lat' dir='ltr'>quae&#39;</span> <span class='ocrx_word' id='word_1_241' title='bbox 957 3069 1053 3139; x_wconf 68' lang='lat' dir='ltr'>audio</span> <span class='ocrx_word' id='word_1_242' title='bbox 1073 3071 1106 3140; x_wconf 92' lang='lat' dir='ltr'>in</span> 
     </span>
     <span class='ocr_line' id='line_1_31' title="bbox 3 3155 1106 3260; baseline 0.008 -33"><span class='ocrx_word' id='word_1_243' title='bbox 3 3191 9 3202; x_wconf 84' lang='grc'><em>·</em></span> <span class='ocrx_word' id='word_1_244' title='bbox 121 3155 284 3228; x_wconf 87' lang='lat' dir='ltr'>infinitum</span> <span class='ocrx_word' id='word_1_245' title='bbox 300 3162 416 3255; x_wconf 84' lang='lat' dir='ltr'>angulo</span> <span class='ocrx_word' id='word_1_246' title='bbox 434 3163 501 3229; x_wconf 87' lang='lat' dir='ltr'>TE</span> <span class='ocrx_word' id='word_1_247' title='bbox 508 3167 546 3229; x_wconf 90' lang='lat' dir='ltr'><em>V</em></span> <span class='ocrx_word' id='word_1_248' title='bbox 554 3159 592 3230; x_wconf 89' lang='lat' dir='ltr'>ab</span> <span class='ocrx_word' id='word_1_249' title='bbox 614 3159 799 3256; x_wconf 86' lang='lat' dir='ltr'>asymptotis</span> <span class='ocrx_word' id='word_1_250' title='bbox 813 3160 1049 3260; x_wconf 88' lang='lat' dir='ltr'>comprehenso,</span> <span class='ocrx_word' id='word_1_251' title='bbox 1072 3172 1106 3236; x_wconf 72' lang='grc' dir='ltr'>δι</span> 
     </span>
     <span class='ocr_line' id='line_1_32' title="bbox 120 3252 1105 3350; baseline 0.006 -23"><span class='ocrx_word' id='word_1_252' title='bbox 120 3255 308 3350; x_wconf 86' lang='lat' dir='ltr'>alymptotis</span> <span class='ocrx_word' id='word_1_253' title='bbox 320 3257 352 3326; x_wconf 93' lang='lat' dir='ltr'>in</span> <span class='ocrx_word' id='word_1_254' title='bbox 367 3281 460 3327; x_wconf 90' lang='lat' dir='ltr'>unam</span> <span class='ocrx_word' id='word_1_255' title='bbox 466 3257 583 3327; x_wconf 66' lang='lat' dir='ltr'>redeam</span> <span class='ocrx_word' id='word_1_256' title='bbox 595 3261 658 3326; x_wconf 83' lang='grc' dir='ltr'>ΟΡ</span> <span class='ocrx_word' id='word_1_257' title='bbox 669 3252 895 3341; x_wconf 81' lang='lat' dir='ltr'>defluentibus,</span> <span class='ocrx_word' id='word_1_258' title='bbox 902 3263 933 3332; x_wconf 91' lang='lat' dir='ltr'>in</span> <span class='ocrx_word' id='word_1_259' title='bbox 942 3260 1105 3334; x_wconf 86' lang='lat' dir='ltr'>infinitum</span> 
     </span>
     <span class='ocr_line' id='line_1_33' title="bbox 120 3350 1105 3455; baseline 0.008 -33"><span class='ocrx_word' id='word_1_260' title='bbox 120 3353 296 3431; x_wconf 88' lang='lat' dir='ltr'>minuetur,</span> <span class='ocrx_word' id='word_1_261' title='bbox 320 3350 423 3424; x_wconf 92' lang='lat' dir='ltr'>donec</span> <span class='ocrx_word' id='word_1_262' title='bbox 436 3353 498 3450; x_wconf 87' lang='lat' dir='ltr'>ipsa</span> <span class='ocrx_word' id='word_1_263' title='bbox 516 3351 694 3450; x_wconf 90' lang='lat' dir='ltr'>hyperbola</span> <span class='ocrx_word' id='word_1_264' title='bbox 713 3379 788 3425; x_wconf 89' lang='lat' dir='ltr'>cum</span> <span class='ocrx_word' id='word_1_265' title='bbox 801 3355 986 3455; x_wconf 87' lang='lat' dir='ltr'>asymptotis</span> <span class='ocrx_word' id='word_1_266' title='bbox 1001 3356 1105 3430; x_wconf 87' lang='lat' dir='ltr'>suisin</span> 
     </span>
     <span class='ocr_line' id='line_1_34' title="bbox 119 3448 1106 3546; baseline 0.007 -27"><span class='ocrx_word' id='word_1_267' title='bbox 119 3448 233 3520; x_wconf 88' lang='lat' dir='ltr'>lineam</span> <span class='ocrx_word' id='word_1_268' title='bbox 241 3451 437 3535; x_wconf 70' lang='lat' dir='ltr'>Restamaxi</span> <span class='ocrx_word' id='word_1_269' title='bbox 449 3449 735 3546; x_wconf 86' lang='lat' dir='ltr'>perpendicularem</span> <span class='ocrx_word' id='word_1_270' title='bbox 744 3450 869 3524; x_wconf 89' lang='lat' dir='ltr'>tandem</span> <span class='ocrx_word' id='word_1_271' title='bbox 877 3455 982 3526; x_wconf 87' lang='lat' dir='ltr'>abeat.</span> <span class='ocrx_word' id='word_1_272' title='bbox 1003 3452 1106 3527; x_wconf 90' lang='lat' dir='ltr'>Unde</span> 
     </span>
     <span class='ocr_line' id='line_1_35' title="bbox 119 3545 1105 3636; baseline 0.008 -20"><span class='ocrx_word' id='word_1_273' title='bbox 119 3545 296 3617; x_wconf 89' lang='lat' dir='ltr'>notandum</span> <span class='ocrx_word' id='word_1_274' title='bbox 318 3553 374 3636; x_wconf 84' lang='lat'>(1)</span> <span class='ocrx_word' id='word_1_275' title='bbox 398 3549 557 3619; x_wconf 73' lang='lat' dir='ltr'>sectiones</span> <span class='ocrx_word' id='word_1_276' title='bbox 578 3551 716 3619; x_wconf 87' lang='lat' dir='ltr'>Conicas</span> <span class='ocrx_word' id='word_1_277' title='bbox 735 3545 796 3619; x_wconf 84' lang='lat' dir='ltr'>else</span> <span class='ocrx_word' id='word_1_278' title='bbox 812 3573 868 3634; x_wconf 87' lang='lat' dir='ltr'>per</span> <span class='ocrx_word' id='word_1_279' title='bbox 885 3550 915 3623; x_wconf 88' lang='lat' dir='ltr'>se</span> <span class='ocrx_word' id='word_1_280' title='bbox 932 3577 1105 3625; x_wconf 88' lang='lat' dir='ltr'>curvarum</span> 
     </span>
     <span class='ocr_line' id='line_1_36' title="bbox 118 3639 1105 3742; baseline 0.01 -29"><span class='ocrx_word' id='word_1_281' title='bbox 118 3644 271 3714; x_wconf 90' lang='lat' dir='ltr'>linearum</span> <span class='ocrx_word' id='word_1_282' title='bbox 285 3647 479 3742; x_wconf 86' lang='lat' dir='ltr'>regularium</span> <span class='ocrx_word' id='word_1_283' title='bbox 493 3651 526 3714; x_wconf 88' lang='lat'>&amp;</span> <span class='ocrx_word' id='word_1_284' title='bbox 538 3639 750 3741; x_wconf 80' lang='lat' dir='ltr'>congerierum</span> <span class='ocrx_word' id='word_1_285' title='bbox 763 3644 909 3741; x_wconf 82' lang='lat' dir='ltr'>systema,</span> <span class='ocrx_word' id='word_1_286' title='bbox 936 3655 975 3720; x_wconf 59' lang='grc' dir='ltr'>δι’</span> <span class='ocrx_word' id='word_1_287' title='bbox 990 3652 1105 3723; x_wconf 88' lang='lat' dir='ltr'>Unam</span> 
     </span>
     <span class='ocr_line' id='line_1_37' title="bbox 120 3739 1104 3842; baseline 0.01 -34"><span class='ocrx_word' id='word_1_288' title='bbox 120 3739 152 3809; x_wconf 90' lang='lat' dir='ltr'>in</span> <span class='ocrx_word' id='word_1_289' title='bbox 165 3741 304 3819; x_wconf 88' lang='lat' dir='ltr'>alteram,</span> <span class='ocrx_word' id='word_1_290' title='bbox 330 3741 386 3811; x_wconf 89' lang='lat' dir='ltr'>ubi</span> <span class='ocrx_word' id='word_1_291' title='bbox 399 3743 430 3813; x_wconf 90' lang='lat' dir='ltr'>in</span> <span class='ocrx_word' id='word_1_292' title='bbox 443 3739 605 3813; x_wconf 90' lang='lat' dir='ltr'>infinitum</span> <span class='ocrx_word' id='word_1_293' title='bbox 625 3761 760 3839; x_wconf 84' lang='lat' dir='ltr'>augetur</span> <span class='ocrx_word' id='word_1_294' title='bbox 775 3743 828 3814; x_wconf 87' lang='lat' dir='ltr'>vel</span> <span class='ocrx_word' id='word_1_295' title='bbox 850 3746 1019 3826; x_wconf 73' lang='lat' dir='ltr'>minuitur3</span> <span class='ocrx_word' id='word_1_296' title='bbox 1031 3770 1104 3842; x_wconf 79' lang='lat' dir='ltr'>per.-</span> 
     </span>
     <span class='ocr_line' id='line_1_38' title="bbox 112 3834 1103 3933; baseline 0.01 -28"><span class='ocrx_word' id='word_1_297' title='bbox 112 3855 220 3933; x_wconf 78' lang='lat' dir='ltr'>petuo</span> <span class='ocrx_word' id='word_1_298' title='bbox 230 3839 359 3924; x_wconf 70' lang='lat' dir='ltr'>mutarl,</span> <span class='ocrx_word' id='word_1_299' title='bbox 410 3845 460 3912; x_wconf 89' lang='lat' dir='ltr'>Ita</span> <span class='ocrx_word' id='word_1_300' title='bbox 473 3837 613 3926; x_wconf 81' lang='lat' dir='ltr'>circulus</span> <span class='ocrx_word' id='word_1_301' title='bbox 632 3834 791 3920; x_wconf 83' lang='lat' dir='ltr'>dlrninuta</span> <span class='ocrx_word' id='word_1_302' title='bbox 809 3844 862 3914; x_wconf 90' lang='lat' dir='ltr'>vel</span> <span class='ocrx_word' id='word_1_303' title='bbox 879 3844 971 3931; x_wconf 67' lang='lat' dir='ltr'>auda</span> <span class='ocrx_word' id='word_1_304' title='bbox 996 3845 1103 3916; x_wconf 88' lang='lat' dir='ltr'>tantil-.</span> 
     </span>
    </p>
   </div>
   <div class='ocr_carea' id='block_1_4' title="bbox 855 3940 1095 4031">
    <p class='ocr_par' dir='ltr' id='par_1_4' title="bbox 855 3940 1095 4031">
     <span class='ocr_line' id='line_1_39' title="bbox 855 3940 1095 4031; baseline 0.017 -20"><span class='ocrx_word' id='word_1_305' title='bbox 855 3993 874 4011; x_wconf 11' lang='lat' dir='ltr'>a.</span> <span class='ocrx_word' id='word_1_306' title='bbox 991 3940 1095 4031; x_wconf 61' lang='lat' dir='ltr'>&#39;lum</span> 
     </span>
    </p>
   </div>
   <div class='ocr_carea' id='block_1_5' title="bbox 0 0 1246 4366">
    <p class='ocr_par' dir='ltr' id='par_1_5' title="bbox 0 0 1246 4366">
     <span class='ocr_line' id='line_1_40' title="bbox 0 0 1246 4366; baseline 0 0"><span class='ocrx_word' id='word_1_307' title='bbox 0 0 1246 4366; x_wconf 95' lang='lat' dir='ltr'> </span> 
     </span>
    </p>
   </div>
  </div>
 </body>
</html>
