2484 4366
213 190 924 273 rnrrrcosmrrrrrrrrnrrcve.
1035 210 1102 293 η,

154 322 315 402 senon.
325 330 397 397 Cor
419 316 1107 420 usurgeripotestl'vicentripetaereviribut

103 349 1104 520 pluribuscomposrialutiexempligratiavisgraviuminterrae

108 542 257 593 centrum
270 547 312 592 ex
328 521 451 592 viribus
468 522 499 592 in
516 543 624 590 omnes
648 540 741 590 terre
756 521 923 616 particulas
942 517 1101 591 tendenti-

108 617 171 690 bus
183 615 361 716 composita
373 617 430 699 est,
446 639 484 689 ut
537 614 1102 705 steaconstabit3)inhoccasusenlus

105 739 167 814 pro
214 713 337 789 litionis
345 712 404 795 est,
420 742 467 809 qu
523 717 571 797 vis
584 717 636 786 illa
648 738 721 806 quae
735 738 775 783 ex
787 715 936 786 omnibus
947 713 995 786 est
1008 735 1099 788 com*

105 836 149 911 po
164 835 224 895 ita,
238 840 314 887 cum
326 813 366 888 ad
382 835 477 886 unam
489 811 536 884 est
553 811 703 893 reducta,
716 808 820 883 tendit
832 809 872 883 ad
887 813 1031 885 cenlrum
1049 814 1101 886 vi-

102 938 229 993 rrum»,

157 1010 265 1080 caroli.
289 1015 359 1092 (1.)
383 1011 478 1080 'Cum
498 1009 607 1099 itaque
620 1007 651 1077 in
664 1008 858 1103 planetarum
878 1009 1103 1105 primariorum

111 1106 290 1204 systemate
312 1112 408 1179 Areae
434 1104 528 1180 radiis
557 1103 598 1177 ad
629 1106 708 1176 Solis
734 1127 879 1176 centrum
904 1105 1010 1178 ductis
1040 1104 1103 1178 lint

111 1204 233 1302 semper
245 1205 441 1302 temporibus
468 1202 729 1301 proportionales,
757 1205 808 1275 uti
833 1200 1036 1275 Astronolnis
1055 1201 1102 1275 est

111 1298 324 1383 notiffimum,
338 1323 491 1401 urgentur
506 1305 641 1373 Planetae
654 1303 689 1372 vi
707 1321 858 1397 perpetua
870 1299 910 1372 ad
928 1303 1009 1374 Solis
1028 1320 1102 1373 cen*

111 1420 201 1473 trum
212 1397 381 1471 tendente:
405 1423 509 1493 neque
521 1401 610 1470 aliter
624 1395 665 1470 de
678 1396 868 1473 stcundariis
884 1401 968 1470 circa
986 1401 1102 1496 prima·

108 1499 172 1570 rios
180 1496 268 1577 suos,
277 1500 445 1570 Satrunum
457 1500 908 1597 nempe‚J0vem,&Terram
918 1495 1102 1572 estretioci⁴

107 1593 264 1668 nandum.
976 1603 978 1608 ’
1022 1598 1025 1604 ’

159 1695 268 1765 Ceroll.
296 1692 365 1782 (κ.)
381 1694 490 1794 ¹Sicut
516 1692 668 1763 velocltat
696 1688 898 1762 diversorum
930 1716 1104 1790 corporum

107 1793 199 1863 circa
211 1810 358 1863 centrum
372 1793 504 1870 virium,
527 1790 585 1861 ubi
607 1790 692 1860 vires‘
712 1788 773 1859 illae
799 1789 872 1860 sunt
893 1809 931 1860 ut
952 1787 1105 1881 quadrata

103 1887 334 1962 distantianun
341 1889 473 1969 inverse,
493 1885 539 1958 est
556 1889 588 1958 in
600 1882 731 1958 diversrs
752 1887 880 1957 circulis
893 1887 925 1956 in
939 1883 1105 1980 subdupli*

105 2005 186 2060 cata
199 1987 320 2057 ratione
335 1982 552 2058 distantiarum
565 1982 695 2063 inversa,
713 1984 764 2055 uti
777 1985 856 2055 olim
875 1980 1105 2054 demonstravi·

104 2096 215 2166 m'usr'
236 2083 279 2156 itt
298 2107 339 2154 ex
356 2080 415 2155 hac
435 2090 469 2154 &
496 2079 688 2179 precedenti
713 2105 771 2178 pro
816 2079 929 2154 fitione'
951 2081 1105 2175 sequitur,

102 2177 208 2278 quod
234 2181 386 2253 velocitas
405 2177 545 2271 ejusdem
566 2179 707 2276 corporis
730 2204 768 2249 or
792 2182 869 2251 itam
888 2181 1034 2273 quamvis
1052 2180 1106 2249 εδἡ

104 2279 293 2352 cenericum
301 2276 516 2357 describentis,
536 2277 569 2348 in
581 2273 714 2349 diversis
722 2275 783 2348 suis
797 2279 816 2349 d
829 2298 939 2349 centro
953 2274 1108 2349 distantiis

104 2374 226 2489 posui,
250 2377 465 2469 qualicunque
486 2375 608 2446 vitium
629 2375 878 2470 centripetarum
889 2376 971 2472 lege,
998 2371 1044 2445 est
1069 2390 1108 2443 ut

108 2472 181 2572 ipsa
191 2470 340 2547 distantia
353 2472 485 2552 inverse,
502 2469 525 2542 fi
543 2495 655 2568 nempe
666 2472 816 2544 velocitas
833 2468 890 2543 ista
905 2475 937 2544 in
956 2496 1032 2543 arcu
1043 2472 1108 2541 cir·

99 2572 219 2644 -culari
237 2591 292 2642 tut
305 2571 337 2641 in
349 2571 428 2642 linea
438 2568 530 2643 radio
541 2567 802 2666 perpendicuhri,
820 2590 858 2640 ut
873 2571 959 2666 prius
973 2567 1108 2640 aellime·

113 2689 194 2741 tur:
221 2667 311 2760 cujus
330 2664 462 2738 diversae
482 2667 659 2739 velocitatis
687 2667 814 2738 rationis
832 2666 922 2738 causa
947 2663 994 2736 est
1017 2661 1111 2759 quod

100 2762 309 2840 -in-dr'verns
338 2765 466 2836 circulis
491 2775 568 2837 nreae
592 2763 624 2834 ln
650 2759 713 2834 isto
734 2763 805 2834 casu
833 2786 896 2834 non
923 2758 984 2832 srnt
1007 2761 1112 2843 uttin-

114 2887 185 2958 que
204 2865 350 2956 equales,
366 2862 418 2933 sed
431 2887 490 2959 pro
502 2853 723 2958 magnitucfine
744 2857 900 2943 distmtiae
925 2856 1112 2950 majores&
1144 2948 1147 2953 ⁸

116 2958 272 3033 ineadem
283 2956 508 3058 magnitudinis
519 2960 640 3029 ratione
648 2959 743 3029 etiam
751 2955 905 3048 majorem
920 2981 996 3028 cum
1008 2976 1114 3030 tumen

118 3054 313 3150 inejusdem
332 3059 471 3154 corporis
494 3058 694 3128 revolutione
715 3057 874 3150 aequalitas
894 3080 1036 3129 arearum
1056 3080 1115 3129 ve-

116 3156 286 3236 locitntem
317 3153 479 3236 distantiae
496 3155 657 3252 reciproce
681 3155 950 3252 proportionalem
983 3155 1114 3224 omnino

118 3252 244 3348 exigat.
298 3253 351 3324 Sic
377 3252 444 3323 sane
467 3249 492 3332 st
515 3254 651 3325 Planetae
678 3249 746 3323 duo
773 3254 806 3323 in
831 3248 964 3325 diverfis
988 3248 1117 3322 circulis

121 3351 211 3421 circa
234 3351 347 3431 Solem,
362 3352 589 3433 revolverent,
607 3372 750 3441 quorum
784 3349 982 3441 circulorum
1013 3344 1117 3419 Radii

119 3448 244 3519 ratione
265 3447 440 3543 quadrupla
465 3448 546 3517 alter·
562 3447 698 3519 alterum
716 3444 897 3526 excederet,
925 3445 1048 3516 Planeta
1067 3453 1117 3512 re·

119 3547 245 3635 motior
257 3547 425 3617 velocitate
434 3546 559 3627 ulterius,
566 3557 690 3616 tantum
702 3542 799 3642 dupla
805 3543 960 3616 ferreturr
976 3537 1021 3611 sm
1029 3538 1118 3612 idem

100 3644 252 3737 ¹Plonet'a
264 3663 320 3739 per
339 3639 474 3735 Ellipsrn
488 3642 580 3715 valde
599 3644 813 3714 excentricam
837 3640 943 3712 cursus
957 3638 1028 3709 suos
1044 3643 1120 3736 per-

124 3755 220 3835 figens
234 3762 318 3825 nunc
328 3738 369 3811 ad
383 3737 562 3813 distantiam
578 3740 732 3829 majorem
746 3750 829 3811 nunc
845 3742 1014 3818 minorem,
1034 3762 1121 3809 eam*

108 3856 204 3932 ‚quoe
221 3854 257 3911 ut
266 3838 366 3936 prius,
381 3835 727 4008 inrepionequtdrupss
738 3833 946 3939 excedentem
959 3837 993 3909 δι’
1006 3832 1122 3910 defici-

1014 3952 1120 4006 entem
