2452 4366
247 192 935 291 rurrrro-MATHEMArrcv'a.
1035 245 1103 312 209

104 354 174 427 cies
193 355 381 425 remotiores
402 354 628 425 convolutione
646 379 779 426 arcuum
796 356 1008 425 remotiorum
1028 361 1101 423 HL

107 449 149 519 hl
167 445 333 547 descriptae
347 448 476 524 trahunt
489 452 683 548 corpuscula,
697 474 791 524 erunt
804 472 841 523 nt
853 449 1103 523 distantiarum&

110 548 222 618 centris
239 546 305 619 suis
327 546 479 640 quadrata
498 551 671 645 reciproce.
720 555 824 643 Inque
849 547 959 621 eadem
976 552 1096 620 ratione

107 664 197 715 erunt
210 646 297 717 vires
309 643 547 743 superficierum
567 648 711 719 omnium
730 644 917 737 hujusmodi
936 648 1100 719 circulari·

104 742 227 813 unrvel
238 745 445 824 annulnrium,
471 745 503 815 in
517 769 593 837 quas
609 765 741 837 utraque
750 744 929 843 superficies
936 744 1098 842 sphaerica,

104 836 264 937 capiendo
276 838 396 938 semper
410 866 501 913 arcus
514 844 645 934 aequales
662 848 746 922 HK,
771 843 832 930 hl:
859 849 893 913 &
907 849 931 913 I
934 848 1000 922 TI,
1026 853 1075 911 iti
1083 875 1094 911 .-

104 930 183 1016 five,
197 930 294 1029 quod
303 936 432 1034 perinde
446 938 505 1020 est,
520 962 576 1036 per
598 937 783 1010 endiculum
807 945 873 1009 SD
898 942 1017 1032 aequale
1027 964 1099 1035 per*

104 1030 280 1127 pendiculo
302 1035 363 1105 sd.-
389 964 708 1133 &perpendiculum
733 1043 798 1104 SE
823 1039 941 1128 aequale
967 1061 1098 1133 perpen-

105 1128 218 1203 diculo
231 1159 266 1207 re
277 1130 434 1229 distingui
444 1131 568 1230 potest:
593 1133 696 1203 donec
710 1135 833 1230 integra
841 1132 1019 1226 superficies
1033 1132 1098 1205 lroc

104 1226 205 1301 modo
217 1224 437 1300 exhauriatur.
487 1236 533 1301 Et
548 1229 640 1311 Inde,
666 1230 785 1301 summa
806 1230 938 1310 virium,
965 1229 1030 1301 srve
1044 1234 1096 1302 vi-

102 1350 147 1397 res
159 1346 308 1398 totarum
316 1323 555 1423 superficierum
565 1325 786 1423 sphericarum
799 1324 1023 1425 incorpuscula
1037 1341 1095 1398 ex*

100 1425 212 1495 etcitae
226 1444 320 1495 cntnt
338 1426 370 1495 in
388 1421 498 1495 eadem
513 1426 643 1496 ratione.
692 1433 741 1523 Q.
751 1432 792 1496 E.
801 1430 850 1496 D.

151 1523 262 1592 Coroll.
288 1523 359 1607 (1.)
390 1525 480 1591 Cum
504 1523 611 1615 itaque
636 1520 754 1618 sphaera
775 1523 897 1614 quaevis
923 1525 1094 1621 integrain
1213 1524 1216 1531 ⁴

101 1615 293 1708 hujusmodi
304 1615 464 1714 sphaericas
487 1617 666 1714 superficies
690 1620 900 1691 concentricas
920 1622 1097 1692 innumeras

101 1716 189 1786 redte
209 1712 317 1787 dividi
332 1712 452 1811 poffit3
481 1722 514 1785 &
529 1741 604 1787 eum
624 1741 664 1787 ex
684 1717 720 1786 vi
741 1712 836 1804 hujus
849 1714 1094 1788 demonstratio·
1116 1746 1118 1751 ·

101 1814 150 1883 nis
167 1810 409 1909 superficierum
431 1813 584 1906 quaelibet
603 1815 646 1883 ita
667 1817 881 1909 corpuscuum
897 1814 978 1883 illud
998 1832 1094 1884 attrai

102 1904 172 1990 lrat,
185 1931 225 1980 ut
244 1911 294 1981 vis
314 1911 507 1981 attrastionis
533 1911 638 1980 versus
659 1931 804 1981 centrum
824 1908 862 1981 srt
881 1911 912 1979 in
931 1909 1093 2006 duplicata

102 2008 224 2077 ratione
242 2004 400 2078 distantia
419 2008 593 2102 reciproce,
620 2006 724 2077 Palam
740 2003 798 2087 est,
824 2004 1026 2103 &sphaeram
1045 2009 1095 2077 ind

105 2123 229 2201 tegram
251 2106 294 2176 ita
315 2104 538 2202 corpusculum
558 2103 639 2175 illud
661 2099 828 2183 attrahere,
854 2125 891 2175 ut
909 2106 957 2175 vis
974 2105 1093 2176 centri-⁷

105 2221 177 2295 peta
191 2202 454 2273 versus'centrtun
469 2198 509 2271 fit
525 2201 556 2271 in
570 2198 730 2298 duplicata
744 2203 861 2273 ratione
882 2198 1037 2274 distantia
1053 2203 1092 2273 ab

108 2298 160 2371 illo
175 2320 287 2370 centro
302 2301 486 2396 reciproce·

153 2399 257 2466 coron.
276 2407 347 2483 (2.)
376 2400 423 2467 Et
446 2421 522 2467 cum
541 2397 622 2467 vires
635 2397 768 2489 reliquae
783 2395 925 2488 obliquae
950 2404 974 2467 I
978 2404 1025 2495 Q,
1051 2406 1064 2464 i
1074 2423 1094 2492 q

112 2516 146 2563 ex
163 2490 301 2564 adverfis
320 2489 548 2590 hemispheriis
568 2490 728 2565 estimatae
750 2490 809 2564 fibi
840 2513 957 2564 mutuo
988 2516 1091 2591 opp0⁴

114 2610 224 2671 runnu,
250 2588 475 2662 &seinvicem
486 2592 617 2661 omnino
629 2592 752 2668 tollant,
778 2591 860 2659 vires
873 2592 1003 2685 integrae
1017 2615 1091 2661 cen-

116 2688 229 2783 tn'pctae
242 2688 275 2760 in
287 2687 514 2784 corpusculum
528 2689 678 2757 exercitae
690 2707 782 2759 erunt
799 2684 921 2756 viribus
939 2684 1005 2756 istis
1017 2711 1091 2757 ver·

119 2780 157 2855 stu
168 2806 311 2856 centrum
323 2783 524 2856 tendentibus
536 2786 667 2853 omnino
686 2783 830 2873 aequales.

158 2884 250 2952 Coroll.
261 2888 331 2978 (3.)
344 2886 390 2953 Et
402 2907 477 2952 cum
492 2878 635 2951 srmiliter
651 2876 838 2975 procederet
851 2874 1090 2959 demonstratio,

123 2970 215 3049 livice
231 2979 412 3077 corpusculi
428 2980 520 3049 unius
534 3002 648 3073 corpus
669 2974 808 3069 quodvis
821 3001 861 3046 ex
877 2972 942 3047 istis
957 2978 1089 3073 corpus»,

124 3074 186 3145 tulis
196 3074 410 3173 compositum
424 3075 648 3171 supponeretur
654 3100 665 3155 3
697 3072 805 3166 (quod
821 3075 904 3144 enim
919 3076 974 3146 uni
991 3077 1099 3170 parti·

126 3171 189 3241 cula
201 3175 361 3252 convenit,
386 3174 454 3269 pari
465 3170 536 3260 jure
556 3177 590 3242 &
610 3169 739 3269 fingulis
758 3173 929 3266 particulis,
956 3178 989 3241 δι
1014 3195 1089 3265 pto*

129 3262 185 3337 inde
206 3270 339 3367 ipsarum
366 3269 496 3340 summae
526 3271 693 3341 convenire
722 3266 768 3341 est
792 3265 958 3353 neccsse3)
985 3266 1089 3357 liquet

125 3356 250 3445 spheram
262 3366 409 3460 quamvis
423 3366 636 3463 exparticulis
649 3368 811 3458 aequaliter
823 3363 999 3437 attractivis.
1009 3386 1087 3433 cons

128 3450 248 3545 stantem,
275 3490 390 3560 corpus
413 3462 555 3555 quodvis
579 3465 621 3533 ita
640 3460 808 3542 attrahere,
833 3483 870 3533 ut
893 3461 1089 3533 attradlionis

126 3559 306 3640 quantitasne
323 3563 357 3631 in
370 3564 489 3633 ratione
508 3556 693 3633 distantior}
711 3557 837 3658 splrarrae
857 3580 964 3630 centro
976 3554 1085 3653 dupli·

127 3661 356 3757 noeciproce.

129 3794 132 3799 ·
166 3756 243 3825 cru
271 3760 341 3850 (4.)
370 3756 535 3827 Attradio
546 3756 654 3848 itaque
669 3752 796 3850 sphaerae
811 3751 926 3823 eodem
939 3749 1040 3825 modo
1056 3756 1085 3825 le

126 3830 202 3925 ld,
214 3876 249 3925 ac
267 3848 354 3927 srvis
373 3853 493 3949 integra
511 3851 616 3925 versus
635 3872 781 3925 centrum
799 3848 971 3935 tendensin
985 3850 1088 3949 ipsum

127 3954 130 3959 ’
709 3954 733 4015 Ρ
1015 3967 1088 4015 cen·
