2484 4366
115 206 184 275 262
364 222 367 227 ·
389 199 824 286 enstnecrloms
968 204 977 226 ²

116 357 248 416 novem,
273 333 307 402 δε
321 328 441 421 nnjore
458 353 557 423 quem
574 329 749 430 pendulum
765 329 958 429 diginorum
979 341 1114 428 quatuo

119 432 300 512 oscillatnrs
327 425 438 524 idest,
462 430 583 518 minore
603 450 745 526 nempore
758 453 860 521 quam
884 429 955 524 28}
977 433 1118 509 nimum,-

119 529 376 604 rmntertiorum
384 552 396 608 3
423 525 791 621 &majorequam19}.
816 534 1118 624 &propterettemr

120 652 200 727 pore
214 627 331 698 minuti
345 627 439 716 unius
451 622 580 707 stcundi
592 624 725 700 conficit
736 622 829 722 pedes
843 627 1117 726 Anglicospbnes

120 750 223 820 quam
238 725 317 803 866,
340 731 376 795 ἃ
392 724 556 820 pauciores
567 747 666 815 quem
683 747 791 818 1272;
817 742 918 816 atque
936 721 1111 803 adeotebe

122 821 251 895 ciorest
272 843 454 925 qmmpro
470 818 688 897 observatione
709 820 915 901 Robervalli,
946 847 989 893 ac
1008 819 1108 895 tardis

123 945 222 1015 quern
234 944 293 1017 pro
304 918 521 1007 observatione
540 919 714 990 Merbnni.
762 920 854 1008 Quin
874 918 986 990 etiarn
997 943 1109 996 nome.

123 1012 261 1097 tioribus
312 1015 374 1089 stra
387 1013 658 1089 observationibus
669 1013 818 1093 definivit
831 1014 1116 1114 Newtomisquod

124 1117 228 1213 longit
275 1141 297 1185 o
316 1113 449 1212 penduli
465 1112 566 1204 major
579 1112 642 1185 ess'e
663 1111 793 1185 deberet
808 1137 911 1205 quam
941 1113 1118 1213 digitonrn

126 1214 271 1309 quinque
287 1239 365 1308 eum
376 1209 508 1291 semiffe,
534 1218 568 1282 δι
587 1213 694 1282 minor
703 1235 802 1305 quam
815 1208 1011 1308 digitorum
1027 1215 1115 1295 0603

125 1309 270 1407 edeoque
282 1308 375 1404 quod
393 1311 485 1380 sonus
500 1329 644 1406 ternpore
661 1309 779 1380 minuti
791 1310 885 1380 unius
896 1307 1039 1382 secundi
1049 1335 1117 1384 cons

126 1409 208 1484 feeit
228 1407 323 1506 pedes
350 1409 505 1504 Angliros
531 1409 637 1502 plures
661 1431 758 1498 quam
786 1430 869 1492 920,
903 1410 945 1476 δι
964 1411 1116 1505 pauciores

126 1530 225 1599 quarn
246 1506 346 1597 1085.
397 1505 504 1602 Igitur
523 1525 630 1575 motus
654 1504 802 1575 sonorum
818 1501 1008 1576 secundum
1022 1506 1112 1578 calcu·

126 1607 195 1676 ium
206 1603 440 1701 geometricum
454 1601 596 1696 superius
608 1601 737 1672 allatum
748 1602 829 1672 inter
844 1598 905 1671 hos
921 1603 1114 1675 iimitesem·

126 1698 244 1785 sistens,
268 1708 300 1772 δι
311 1698 351 1770 ad
364 1722 533 1773 numerum
548 1696 701 1788 majorem
715 1695 865 1770 accedens
876 1701 1031 1796 propius,
1046 1697 1117 1775 ficut

124 1801 274 1894 pleraque
287 1799 423 1869 aliorum
438 1797 651 1894 experimenta
673 1793 871 1893 persuadent,
895 1799 1031 1895 optime
1050 1821 1115 1869 cun

126 1893 345 1968 Phaenomenis
358 1893 503 1988 quadrat.
1156 1872 1159 2029 4

167 1997 281 2088 cornil,
304 1991 372 2080 (8.)
401 1993 435 2063 Si
453 1988 588 2062 denfitas
605 1991 684 2070 aeris
702 2009 856 2088 augeatur
873 2010 933 2077 aut
947 1992 1113 2070 minuatur,
1157 2036 1159 2047 ·

111 2162 113 2166 ,
127 2091 220 2164 sonus
239 2090 302 2188 ipse
310 2085 382 2159 seve
399 2088 532 2186 fragoris
552 2089 747 2159 violentiain
761 2084 873 2158 eadem
886 2089 1016 2169 ratione
1029 2113 1114 2187 auge:
1156 2064 1159 2205 i

129 2187 220 2269 bitur
239 2207 294 2259 aut
307 2186 489 2268 minuetum
516 2181 608 2278 quod
629 2210 705 2256 cum
726 2185 954 2279 experimentis
971 2184 1112 2258 sonoram

130 2281 423 2355 ineerenarefado·
436 2290 471 2353 &
488 2279 677 2354 condensato
696 2280 786 2353 fretis
811 2280 914 2376 probe
936 2284 1093 2382 congruit.

179 2382 289 2453 Coroll.³
295 2386 365 2469 (9.)
379 2377 480 2452 Unde
493 2377 649 2472 sequitur,
658 2381 746 2450 sonos
754 2375 1025 2453 inaltiffimorum
1036 2404 1115 2455 mon·

129 2478 215 2577 tium
230 2477 470 2566 :cacuminibuu
495 2478 553 2549 ubi
573 2502 624 2561 aer
643 2479 748 2572 rarior·
760 2475 818 2566 est,¹
842 2476 987 2550 minores
1004 2472 1116 2559 effu&
1157 2522 1159 2529 ·

127 2574 291 2672 tardiores,
314 2600 415 2668 quam
432 2576 463 2646 in
478 2575 625 2647 vallibus.

180 2676 280 2745 Coroll.
308 2679 401 2756 (re.)
432 2674 465 2743 Si
489 2678 613 2744 Ventus
638 2696 715 2742 cnm
737 2692 831 2743 motu
853 2673 933 2743 aeris
957 2673 1118 2771 conspires

130 2770 259 2868 sonitus
273 2772 327 2842 vei
338 2769 461 2866 fragor,
475 2767 541 2842 five
554 2768 705 2868 pulsuum
720 2769 873 2840 violentia
887 2770 1077 2865 augebitur,
1091 2778 1118 2842 δι

129 2869 256 2965 longius
270 2888 404 2966 perget3
431 2889 545 2966 utpote
572 2893 613 2946 ex
629 2867 755 2959 semma
775 2886 926 2944 motuum
941 2864 1047 2962 ipsius
1064 2868 1120 2945 soni

132 2973 167 3036 dc
188 2966 278 3036 venti
301 2963 448 3046 conflata.
499 2967 533 3036 Si
549 2971 674 3037 Ventus
697 2961 804 3035 eidem
826 2963 933 3034 motui
951 2986 1119 3063 repugnet,¹

129 3062 249 3134 sonitus
266 3064 442 3157 minuetur,
468 3069 502 3132 δε
520 3058 769 3143 citiussrstetur3
798 3082 911 3157 utpote
929 3085 971 3132 ex
986 3064 1121 3159 dfferor·

128 3157 174 3231 iia
204 3179 356 3245 motuum
387 3156 563 3231 eorundem
586 3156 790 3241 solummodo
816 3155 987 3236 oriundus.
1043 3162 1124 3237 Salve

130 3254 250 3354 ¹semper
274 3254 371 3354 ipsrus
385 3254 452 3328 soni
468 3260 635 3355 propagati
654 3258 824 3339 velocitate
851 3255 995 3352 superius
1022 3255 1124 3355 desag-

131 3376 214 3426 nata.
266 3359 366 3442 Sonus
381 3356 466 3426 enim
480 3379 544 3433 non
563 3379 604 3425 ex
622 3375 716 3426 motu
731 3354 809 3432 aeris
826 3354 999 3434 continuo,
1026 3353 1125 3427 seder

129 3450 271 3550 pulsibus
282 3450 424 3543 ejusdem
436 3450 594 3524 undarum
605 3477 692 3546 more
705 3461 762 3550 per
777 3452 969 3531 vibrationes
985 3442 1059 3525 five
1070 3454 1128 3525 itus

130 3550 315 3645 reditusque
334 3549 460 3646 vicibus
484 3546 652 3622 altemisse
672 3552 811 3621 invicem
825 3549 994 3641 sequentes
1016 3573 1127 3648 propa·¹

132 3652 213 3745 gatis
232 3646 391 3746 dependet
402 3676 414 3731 3
434 3651 484 3720 uti
506 3647 611 3720 statim
631 3644 825 3719 ostendetur.
875 3651 922 3717 Et
942 3648 1128 3738 qualiscun-

113 3769 198 3838 .*que
219 3746 258 3817 fit
276 3749 410 3844 fragoris
424 3744 617 3826 differentia,
642 3745 661 3816 ὲ
677 3742 841 3816 differenti
862 3746 1011 3839 corporis
1026 3744 1130 3818 sonori

133 3845 187 3934 vel
204 3844 387 3927 ventistetu
394 3865 479 3925 orta,
501 3863 632 3935 manem
645 3863 750 3943 tamen
762 3841 840 3943 aeris
851 3839 989 3944 denfiras
1010 3845 1129 3954 &ela-

433 3974 435 3977 ·
994 3959 1133 4020 tenum3
