2484 4366
118 218 188 270 ιη
396 190 839 261 PMLECTIONES
980 232 991 243 -
1125 182 1128 189 '

165 314 271 387 Coroll.
280 311 352 407 (8.)
381 312 579 392 Altitudines
595 321 743 390 maximae
766 324 945 414 corporum
960 312 1037 387 data'
1047 328 1107 409 ω·

113 413 244 484 locitate
264 410 485 507 projed’torum
498 415 530 485 in
544 413 679 486 diversis
699 416 887 488 elevationis
899 415 1026 509 angulis
1036 410 1111 482 sunt.

115 512 197 582 inter
211 508 241 580 se
267 527 304 577 ut
326 505 478 601 quadrata
503 507 630 584 srnuum
655 511 1103 608 redborumanguloruniele·

116 607 265 679 tationis.
323 606 451 703 Nempe
482 629 520 679 ut
544 610 569 678 d
580 614 594 679 l
617 611 670 681 vel
699 621 750 679 Ae
772 605 972 702 quadratum
992 604 1035 678 ad
1058 611 1103 683 εἰ

116 701 323 797 quadratum,
349 704 393 776 ita
407 703 590 779 altitudines
603 707 752 778 maximae
764 708 807 775 dl
816 706 869 776 vel
881 731 943 785 ne,
970 701 1013 775 ad
1024 702 1118 774 Dr..

117 807 274 968 QCoroll.
289 899 307 988 (
314 901 376 982 9.)
407 894 561 970 Altitudo
587 902 732 972 omnium
761 898 900 971 maxima
930 918 1119 994 corporum·

118 993 291 1064 velocitate
302 988 375 1064 data
386 994 617 1104 projeotorum,
625 997 683 1069 ubi
693 1019 804 1092 nempe
816 994 977 1093 projedtio
988 991 1038 1065 est
1048 989 1107 1063 ho·

117 1091 236 1162 rizonti
248 1087 524 1186 perpendicularis,
548 1091 792 1167 estlaterisrerri
806 1094 837 1164 in
850 1089 924 1164 data
937 1089 1108 1164 velocitate

118 1186 240 1285 semper
254 1183 322 1257 dati
336 1210 406 1283 pars
424 1211 537 1282 quarta
548 1216 560 1272 3
586 1215 699 1287 nempe
720 1192 752 1262 in
772 1187 835 1260 hot
854 1187 939 1269 casu,
965 1186 1109 1287 parabola

118 1285 285 1358 inred'ram
305 1280 480 1367 definente,
504 1291 629 1359 Vertex
654 1287 813 1360 Parabolae
837 1289 963 1358 Tcum
986 1283 1111 1357 focoF

120 1378 291 1460 coincidit,
315 1384 350 1450 δι
364 1382 501 1456 altitudo
515 1383 635 1456 summa
647 1384 686 1457 frt
701 1381 759 1481 ipsr
773 1389 818 1452 Fs
830 1383 931 1456 lateris
945 1384 1029 1454 redii
1045 1378 1109 1453 dati

119 1475 290 1645 puadranti
304 1480 453 1569 aequalis:
478 1501 575 1574 atque
588 1479 680 1562 adeo,
705 1477 798 1574 quod
815 1479 920 1553 obiter
933 1477 980 1550 est
1001 1498 1109 1550 notam

147 1599 217 1654 um,
224 1569 398 1671 longissimi
407 1577 510 1670 jadus
523 1575 727 1650 horizontalis
748 1573 901 1650 semissis:
934 1578 986 1649 uti
1007 1572 1109 1655 statio

121 1667 400 1743 demonstrabitur.

174 1769 279 1839 Coroll.
293 1772 387 1860 (10.)
422 1773 513 1844 Dato
533 1770 736 1870 projeftionis
760 1772 889 1869 angulo,
914 1766 968 1840 led
992 1786 1109 1841 mutata

125 1864 300 1965 projedlilis
315 1866 504 1951 velocitate;
533 1869 718 1942 &altitudo
733 1864 929 1946 summa,hoc
944 1863 1004 1945 est,
1023 1872 1110 1938 Para·
1131 1879 1137 1887 '

435 1967 517 2039 bolae
532 1986 644 2038 vertex
658 1966 852 2062 principalis,
879 1970 912 2033 &
927 1962 1033 2054 jaetus
1046 1963 1111 2033 lon·

161 2069 389 2150 m.rig.p.108.
435 2061 806 2162 gissimushorizontalis,
832 2059 898 2132 five
911 2056 1055 2132 ordinata
1066 2085 1112 2159 sg,

436 2162 646 2232 mutabuntur
661 2161 692 2230 in
704 2157 866 2328 dupplicata
876 2158 1058 2240 velocitatis
1067 2180 1113 2227 ra·

128 2258 228 2331 tione.
275 2263 345 2329 Pan
361 2261 449 2355 prior
468 2281 510 2330 ex
525 2259 611 2353 prius
622 2255 739 2329 demon

437 2353 592 2427 titudines
615 2354 767 2425 linearum
799 2349 865 2424 save
890 2350 1032 2422 ascensus
1051 2346 1110 2419 live

166 2473 239 2544 frop.
251 2480 284 2539 4.
306 2467 390 2543 prim.
437 2449 611 2529 descensus,
636 2447 696 2521 fint
710 2450 829 2547 semper
842 2449 874 2519 in
892 2445 1113 2544 duplicatam·

439 2551 526 2623 tione
551 2549 773 2620 velocitatum.
821 2549 868 2616 Et
886 2568 927 2615 ex
951 2541 1013 2615 hac
1033 2562 1110 2639 parte

131 2649 354 2755 proposrtionis
367 2646 773 2744 sequituretiamecaltera
785 2669 796 2725 3
823 2637 1111 2713 obfimilitudinem

131 2753 217 2825 enim
235 2753 382 2824 omnium
395 2743 625 2845 parabolarum,
652 2738 676 2811 li
699 2736 838 2841 altitudq
857 2736 913 2807 Th
925 2738 1111 2810 muteturin

132 2851 253 2921 ratione
270 2845 447 2920 velocitatis
466 2838 639 2938 duplicata,
655 2838 751 2909 etiam
771 2835 815 2907 ob
835 2831 951 2907 similes
965 2833 1112 2907 similium

135 2947 326 3040 Figuratum
345 2960 446 3040 partes
466 2937 642 3029 utrobique
666 2933 846 3031 descriptas,
872 2938 909 3003 &a
924 2934 1058 3029 reliquae
1078 2929 1111 3001 li·

134 3064 201 3113 neae
221 3060 260 3110 ut
278 3039 319 3109 ah
340 3040 394 3108 vel
411 3065 425 3106 s
425 3063 450 3133 g
468 3036 565 3105 etiam
579 3035 610 3103 in
622 3029 732 3103 eadem
743 3032 862 3101 ratione
874 3026 1039 3126 duplicata
1048 3036 1113 3099 rnu-

134 3137 297 3209 rabuntur.
346 3138 474 3208 Verum
490 3136 524 3200 &
537 3126 695 3200 Posterior
708 3126 866 3199 corollarii
880 3148 948 3221 pars
960 3150 1003 3197 ex
1013 3126 1115 3199 nntiira

135 3233 295 3308 Parabolae
304 3233 399 3304 etiam
411 3229 500 3301 aliter
511 3226 603 3299 facile
611 3223 731 3296 deduci
742 3219 858 3324 potest.
875 3223 1115 3295 Ponamusenim

136 3333 342 3406 velocitatem
355 3325 416 3400 else
436 3322 538 3422 duplo
552 3347 649 3418 quam
664 3322 750 3419 prius
763 3318 930 3409 majorem,
953 3343 1035 3419 ergo
1053 3340 1128 3410 quo·

137 3438 281 3526 tempore
299 3423 464 3524 projectile
484 3424 573 3519 prius
590 3421 702 3490 lineam
730 3440 771 3488 tv
788 3412 993 3494 describeret,
1019 3409 1120 3512 poster

136 3531 204 3602 rius
216 3526 330 3599 lineam
349 3518 444 3620 ipsius
461 3544 510 3588 sv
525 3515 656 3612 duplam
674 3511 850 3596 describet3
860 3530 864 3535 '
876 3496 930 3584 sed
941 3512 985 3582 ob
998 3508 1120 3589 unifor-

138 3627 284 3700 mitatem
298 3621 345 3693 vis
362 3616 527 3716 gravitatis
546 3615 626 3684 linea
645 3637 693 3682 vc
711 3607 777 3682 five
790 3614 830 3680 sr'
845 3632 907 3680 non
919 3610 1120 3682 mutabitur!

140 3719 201 3791 Est
215 3744 294 3815 ergo
313 3739 350 3789 ut
366 3741 411 3792 vc
431 3710 497 3786 five
513 3736 557 3781 sv
572 3707 656 3788 data,
681 3706 722 3779 nd
746 3710 860 3803 lineam
877 3703 973 3803 ipfiu's
994 3728 1038 3775 rv
1055 3702 1125 3797 ldtld

141 3817 237 3916 plara,
261 3817 305 3890 ita
318 3811 376 3893 ista
394 3814 475 3913 linea
492 3801 591 3913 dupla
608 3803 648 3880 ad
669 3806 781 3879 lineam
803 3804 944 3905 alteram,
968 3801 1126 3973 verticis}

768 2257 839 2329 ratis
850 2275 936 2352 patet
943 2281 956 2336 ς
981 2252 1112 2326 cumal-
