2452 4366
160 162 257 269 35⁸·
303 238 308 249 ,
416 165 874 252 rraeurcrrorrrr

163 314 190 352 “
213 297 432 377 tendentes,ac
447 291 488 365 ad
502 293 608 367 Solem
619 317 783 385 nunquam
799 292 965 369 reversuri.
1002 297 1094 371 Cum
1104 322 1159 380 aue

163 410 190 446 “
215 421 282 470 tem
299 395 370 466 satis
390 393 571 485 frequentes
594 388 654 461 smt
674 395 887 462 cometarum
910 391 1093 476 advenrus3
1121 420 1158 466 ac

162 506 190 544 “
212 518 327 565 eorum
345 493 450 563 nullus
462 490 638 585 reperiatur
651 509 745 560 motu
759 487 834 561 ferri
846 490 1090 586 Hyperbolico,
1104 495 1159 564 seu

163 604 190 639 “
214 592 376 663 velociore
395 613 494 682 quam
513 583 656 655 cadendo
669 584 709 655 ad
730 590 836 658 Solem
847 590 1013 680 acquirere
1028 586 1157 671 debeat,

158 698 188 764 ,¹‘
213 686 368 758 credibile
384 684 429 756 est
443 684 550 779 potius
569 683 601 752 in
617 682 764 754 Orbibus
778 683 871 756 valde
890 688 1093 759 Excentricis
1104 711 1157 757 re·

163 796 189 832 “
215 786 308 855 volvi
325 809 378 854 eos
395 784 478 853 circa
497 779 616 857 Solem,
650 803 685 849 ac
705 779 777 876 post
795 780 986 879 longiffimas
1009 782 1154 879 periodos

163 893 190 929 “
215 885 344 952 reverti.
395 882 448 950 Sic
460 879 546 948 enim
560 882 727 947 Numerus
738 901 853 958 eorum
872 879 1048 976 praefinitus
1065 877 1155 960 clleo

163 988 190 1025 “
215 1003 251 1046 ac
269 972 397 1049 fortaffe
416 1000 480 1046 non
501 973 599 1065 usque
625 969 706 1042 adeo
728 999 871 1074 magnus,
922 977 1028 1075 Spatia
1047 1000 1156 1051 autem

160 1085 188 1149 .“
213 1073 295 1149 inter
309 1075 417 1146 Solem
432 1071 587 1162 fixasque
609 1070 791 1157 trunsum,
817 1097 854 1146 ut
883 1079 1032 1147 Comerae
1050 1078 1158 1153 revol-

160 1181 188 1217 “
212 1172 302 1241 venti
324 1194 400 1245 cum
426 1166 566 1240 Periodo
590 1173 799 1259 quantumvis
823 1175 916 1269 longa
931 1172 1000 1244 satis
1017 1174 1082 1250 loci
1105 1170 1155 1244 fit.

160 1276 187 1349 ξ(
212 1267 565 1348 Latusautemredbum
579 1261 708 1358 Ellipsrs
723 1264 822 1340 estad
839 1274 937 1341 Latus
956 1271 1083 1341 redum
1095 1278 1155 1341 Pa-

160 1365 329 1435 “robolar
355 1362 486 1435 eandem
511 1358 700 1431 Periheliam
728 1360 908 1437 distantiam
931 1363 1088 1446 habentis,
1121 1389 1159 1439 ut

160 1470 187 1509 “
210 1458 357 1533 distantia
378 1457 516 1555 Aphelia
529 1461 561 1529 in
575 1455 689 1552 Ellipsr
702 1457 796 1531 estad
810 1467 917 1534 Axem
931 1484 1039 1534 totum
1048 1465 1153 1560 Ellip7

160 1564 186 1601 ‘⁴
212 1553 272 1639 lis;
301 1560 496 1630 Velocitates
514 1576 621 1626 autem
642 1555 760 1626 suntin
780 1554 947 1630 dimidiata
962 1562 1083 1631 ratione
1096 1584 1154 1631 eo-

159 1660 186 1721 .“
211 1652 372 1726 ruudem:
398 1674 593 1750 quapropter
612 1654 644 1723 in
669 1653 817 1726 Orbibus
838 1654 930 1727 valde
951 1659 1156 1730 Excentricir

159 1757 186 1829 ,“
210 1752 291 1822 ratio
304 1750 375 1822 haec
394 1750 520 1821 accedit
537 1751 683 1837 proxime
705 1748 746 1821 ad
768 1754 923 1824 rationem
951 1757 1153 1846 aequalitatis.

159 1854 185 1893 “
211 1850 352 1920 Tantilla
364 1868 471 1921 autem
483 1845 678 1925 differentia,
690 1871 764 1939 quar
774 1847 944 1920 intercedit
954 1852 1076 1922 ratione
1088 1877 1159 1945 ma-

159 1952 186 2029 ‚“
209 1943 326 2033 jorisin
339 1945 488 2018 Parabola
500 1945 692 2023 velocitatis,
702 1943 852 2016 facillime
861 1950 893 2018 in
906 1945 969 2020 srtu
978 1948 1082 2020 Orbis
1095 1947 1154 2020 de·

160 2047 186 2083 “
210 2042 408 2114 terminando
416 2041 648 2137 compensatur.
698 2041 1158 2138 HujusitaqueTabulaeEle'·

159 2145 186 2183 “
209 2162 393 2213 mentorum
408 2138 652 2212 Motuumusus
667 2141 843 2234 precipuus
861 2138 920 2221 ell,
947 2161 1044 2233 atque
1056 2144 1154 2214 etiam

157 2243 184 2317 ἦ*
207 2259 337 2334 propter
353 2261 453 2330 quem
467 2237 555 2308 illam
574 2231 757 2306 construere
767 2260 872 2332 operae
891 2239 1042 2334 praetium
1058 2237 1153 2319 duxi,

155 2339 182 2421 ‘.‘
207 2354 258 2417 ut,
283 2331 456 2426 liquando
472 2356 576 2404 novus
587 2336 727 2404 Cometa
738 2334 912 2414 emerserit,
921 2331 1151 2430 poffimuscol-

156 2437 182 2497 t*
205 2431 276 2503 latis
286 2432 449 2503 elementis
461 2428 647 2528 dignoscere
664 2455 700 2502 an
714 2433 833 2524 poterit
847 2427 909 2501 elle
924 2433 1085 2524 aliquisex
1097 2452 1154 2503 an-

155 2534 183 2573 “
207 2531 319 2623 tiquis,
332 2554 429 2600 necne
435 2556 447 2611 ;
459 2554 495 2598 ac
503 2525 637 2622 proinde
645 2525 819 2598 Periodum
835 2526 1154 2619 OrbitaqueAxem

153 2633 180 2675 ‘⁸
204 2626 425 2706 determimre,
447 2623 655 2716 reditumque
667 2622 848 2720 praedicere.
900 2628 953 2697 Ac
966 2625 1036 2696 sane
1049 2629 1151 2699 multa

154 2730 180 2768 “
204 2749 257 2796 me
273 2723 401 2797 suadent
413 2746 451 2795 ut
465 2720 593 2794 credam
602 2726 774 2792 Cometam
786 2722 858 2793 anni
876 2745 960 2813 153¹
976 2721 1016 2792 ab
1028 2730 1152 2820 Apiano

152 2827 178 2887 ἕ*
201 2820 418 2900 obseruatum,
443 2819 582 2892 eundem
602 2815 697 2889 fuisse
718 2844 794 2889 cum
811 2820 868 2890 illo
881 2821 941 2910 qui
958 2843 1039 2889 anno
1060 2834 1148 2915 1607

151 2925 177 2960 “
199 2916 377 3016 descriptus
392 2917 439 2991 est
458 2919 478 2988 l
505 2921 627 3015 Keplero
649 2921 684 2984 ὅ(
704 2921 770 2982 Lan
789 2937 952 2994 montano,
978 2941 1143 3008 quemque

149 3022 177 3059 “
200 3013 265 3103 ipse
285 3019 401 3088 iterum
421 3015 580 3089 reversum
601 3011 673 3084 vidi
691 3037 727 3083 ac
748 2944 916 3095 observavi
939 3036 1022 3083 anuo
1045 3013 1144 3086 1682.

149 3118 176 3199 ‘f
203 3111 374 3198 Quidum
397 3115 566 3185 Elementa
581 3112 700 3188 omnia,
725 3135 762 3180 ac
789 3109 852 3180 sola
871 3111 1066 3203 inaequalitas
1090 3135 1148 3207 pe-

148 3218 174 3254 “
198 3206 367 3282 riodorum
386 3208 543 3281 adversari
569 3208 724 3279 videtur:
756 3203 826 3276 haec
848 3229 956 3278 autem
979 3228 1065 3279 tanta
1082 3233 1147 3281 non

147 3315 174 3355 ‘⁶
198 3304 245 3377 cli
258 3329 296 3378 ur
308 3305 406 3380 caufis
413 3304 559 3401 Phylicis
572 3331 634 3377 oon
642 3301 739 3401 pollit
747 3305 891 3376 attribui.
917 3311 1044 3375 Saturni
1058 3308 1146 3378 enim

61 3476 75 3495 ,
147 3411 173 3454 “
198 3427 307 3475 motui
324 3405 489 3481 uerterit,
516 3404 688 3497 praesertim
708 3401 807 3496 Jove,
832 3403 876 3482 itt
902 3401 1146 3485 interturbatur,

145 3510 171 3547 ‘⁸
197 3523 233 3574 ut
246 3524 301 3596 per
314 3504 438 3596 aliquot
451 3499 519 3587 dies
533 3502 675 3597 integros
685 3500 844 3571 incertum
855 3493 1002 3589 lithujus
1010 3502 1147 3573 Planetae

144 3607 171 3648 ‘⁸
195 3619 321 3695 tempus
336 3596 551 3681 Periodicum·
604 3604 718 3680 Qanto
733 3599 834 3693 magis
853 3596 971 3669 talibus
983 3599 1145 3670 erroribus

145 3708 171 3746 ‘⁶
194 3696 605 3783 obnoxiuserirssomcta,
628 3696 690 3783 qui
708 3716 850 3785 quatuor
866 3719 944 3790 pene
959 3695 1142 3766 vicibusal-

146 3806 175 3849 “
193 3795 416 3881 ,tiusexcuuit
428 3799 576 3879 sarno,
602 3792 759 3886 cujusque
773 3796 937 3879 uelocitas,
963 3794 1017 3867 vel
1033 3796 1145 3878 tantil-

145 3880 168 3901 u
449 3898 456 3909 ⁶
504 3895 511 3907 ⁰
554 3937 565 3969 t
595 3964 611 3979 ,
642 3968 652 3977 ,
931 3900 935 3915 ³
1027 3903 1053 3940 “
1078 3893 1147 3970 lum
